Nifty 50,sensex,BankBaroda(share price),volume,LTT,Bid-1,orders-1,Qty-1,Bid-2,orders-2,Qty-2,Bid-3,orders-3,Qty-3,Bid-4,orders-4,Qty-4,Bid-5,orders-5,Qty-5,Total-1,offer-1,orders-1,Qty-1,offer-2,orders-2,Qty-2,offer-3,orders-3,Qty-3,offer-4,orders-4,Qty-4,offer-5,orders-5,Qty-5,Total-2,Average_price
10791.60,36686.99,0,18139187.0,12:33:02,48.85,46.0,65811.0,48.8,56.0,68961.0,48.75,43.0,72128.0,48.7,123.0,73565.0,48.65,52.0,63593.0,3033524.0,48.9,21.0,10803.0,48.95,60.0,68574.0,49.0,96.0,118895.0,49.05,32.0,43563.0,49.1,50.0,54996.0,5174676.0,49.33
10791.30,36687.08,0,18139187.0,12:33:02,48.85,47.0,65861.0,48.8,56.0,68961.0,48.75,43.0,72128.0,48.7,123.0,73565.0,48.65,52.0,63593.0,3033574.0,48.9,21.0,10803.0,48.95,60.0,68574.0,49.0,96.0,118895.0,49.05,32.0,43563.0,49.1,50.0,54996.0,5174676.0,49.33
10791.60,36686.96,0,18139187.0,12:33:02,48.85,47.0,65861.0,48.8,56.0,68961.0,48.75,43.0,72128.0,48.7,123.0,73565.0,48.65,52.0,63593.0,3035574.0,48.9,21.0,10803.0,48.95,60.0,68574.0,49.0,96.0,118895.0,49.05,32.0,43563.0,49.1,50.0,54996.0,5174676.0,49.33
10791.00,36689.40,0,18139187.0,12:33:02,48.85,47.0,65861.0,48.8,56.0,68961.0,48.75,43.0,72128.0,48.7,123.0,73565.0,48.65,52.0,63593.0,3035574.0,48.9,21.0,10803.0,48.95,60.0,68574.0,49.0,96.0,118895.0,49.05,32.0,43563.0,49.1,50.0,54996.0,5174676.0,49.33
10792.30,36689.73,0,18140189.0,12:33:05,48.85,48.0,66268.0,48.8,56.0,68961.0,48.75,43.0,72128.0,48.7,123.0,73565.0,48.65,52.0,63593.0,3035983.0,48.9,18.0,6883.0,48.95,60.0,68004.0,49.0,96.0,118895.0,49.05,32.0,43563.0,49.1,49.0,54961.0,5170151.0,49.33
10793.35,36696.84,0,18140189.0,12:33:05,48.85,48.0,66268.0,48.8,56.0,68961.0,48.75,43.0,72128.0,48.7,123.0,73565.0,48.65,52.0,63593.0,3035483.0,48.9,18.0,6883.0,48.95,60.0,68004.0,49.0,96.0,118895.0,49.05,32.0,43563.0,49.1,49.0,54961.0,5170151.0,49.33
10793.35,36695.34,0,18140189.0,12:33:05,48.85,48.0,66268.0,48.8,56.0,68961.0,48.75,43.0,72128.0,48.7,123.0,73565.0,48.65,52.0,63593.0,3035383.0,48.9,18.0,6883.0,48.95,60.0,68004.0,49.0,96.0,118895.0,49.05,32.0,43563.0,49.1,49.0,54961.0,5170151.0,49.33
10793.05,36693.46,0,18142739.0,12:33:10,48.85,47.0,65518.0,48.8,58.0,70536.0,48.75,43.0,72128.0,48.7,123.0,73565.0,48.65,52.0,63593.0,3036209.0,48.9,12.0,5957.0,48.95,61.0,68204.0,49.0,96.0,118895.0,49.05,32.0,43563.0,49.1,49.0,54961.0,5169425.0,49.33
10793.65,36694.55,0,18142739.0,12:33:10,48.85,47.0,65518.0,48.8,58.0,70536.0,48.75,43.0,72128.0,48.7,123.0,73565.0,48.65,52.0,63593.0,3036209.0,48.9,12.0,5957.0,48.95,61.0,68204.0,49.0,96.0,118895.0,49.05,32.0,43563.0,49.1,49.0,54961.0,5169425.0,49.33
10792.80,36694.32,0,18142740.0,12:33:12,48.85,49.0,65868.0,48.8,59.0,70596.0,48.75,43.0,72128.0,48.7,123.0,73565.0,48.65,52.0,63593.0,3036559.0,48.9,13.0,5957.0,48.95,61.0,68204.0,49.0,96.0,118895.0,49.05,32.0,43563.0,49.1,49.0,54961.0,5169425.0,49.33
10792.55,36691.92,0,18142744.0,12:33:13,48.85,49.0,65866.0,48.8,59.0,70596.0,48.75,43.0,72128.0,48.7,123.0,73565.0,48.65,52.0,63593.0,3036557.0,48.9,14.0,5956.0,48.95,61.0,68204.0,49.0,96.0,118895.0,49.05,33.0,43895.0,49.1,49.0,54961.0,5169754.0,49.33
10793.55,36693.64,0,18142749.0,12:33:14,48.85,49.0,65861.0,48.8,59.0,70596.0,48.75,43.0,72128.0,48.7,123.0,73565.0,48.65,52.0,63593.0,3036652.0,48.9,15.0,5957.0,48.95,62.0,68536.0,49.0,95.0,118695.0,49.05,32.0,43563.0,49.1,49.0,54961.0,5169555.0,49.33
10793.75,36689.65,0,18145749.0,12:33:15,48.85,44.0,62861.0,48.8,57.0,69146.0,48.75,44.0,65378.0,48.7,125.0,81774.0,48.65,52.0,63593.0,3033661.0,48.9,20.0,11597.0,48.95,61.0,68281.0,49.0,95.0,118695.0,49.05,32.0,43563.0,49.1,49.0,54961.0,5174940.0,49.33
10793.50,36691.62,0,18147699.0,12:33:16,48.85,32.0,48243.0,48.8,59.0,54915.0,48.75,48.0,69271.0,48.7,124.0,73574.0,48.65,52.0,63593.0,3008446.0,48.9,24.0,16399.0,48.95,61.0,72066.0,49.0,95.0,118695.0,49.05,32.0,43563.0,49.1,49.0,54961.0,5179410.0,49.33
10793.40,36692.85,0,18147699.0,12:33:16,48.85,32.0,48243.0,48.8,59.0,54915.0,48.75,48.0,69271.0,48.7,124.0,73574.0,48.65,52.0,63593.0,3008446.0,48.9,24.0,16399.0,48.95,61.0,72066.0,49.0,95.0,118695.0,49.05,32.0,43563.0,49.1,49.0,54961.0,5179410.0,49.33
10793.40,36692.65,0,18147799.0,12:33:18,48.85,32.0,48243.0,48.8,60.0,56915.0,48.75,48.0,69271.0,48.7,124.0,73574.0,48.65,52.0,63593.0,3010446.0,48.9,24.0,16299.0,48.95,61.0,72066.0,49.0,95.0,118695.0,49.05,32.0,43563.0,49.1,49.0,54961.0,5179310.0,49.33
10792.10,36692.65,0,18147799.0,12:33:18,48.85,32.0,48243.0,48.8,60.0,56915.0,48.75,47.0,64271.0,48.7,124.0,73574.0,48.65,52.0,63593.0,3005446.0,48.9,24.0,16299.0,48.95,61.0,72066.0,49.0,95.0,118695.0,49.05,32.0,43563.0,49.1,49.0,54961.0,5179310.0,49.33
10792.10,36691.06,0,18150799.0,12:33:22,48.85,35.0,51937.0,48.8,61.0,58915.0,48.75,47.0,64271.0,48.7,124.0,73574.0,48.65,52.0,63593.0,3011130.0,48.9,19.0,16959.0,48.95,61.0,72066.0,49.0,95.0,118695.0,49.05,32.0,43563.0,49.1,49.0,54961.0,5180470.0,49.33
10793.10,36691.06,0,18150799.0,12:33:22,48.85,35.0,51937.0,48.8,61.0,58915.0,48.75,47.0,64271.0,48.7,124.0,73574.0,48.65,52.0,63593.0,3011030.0,48.9,19.0,16959.0,48.95,61.0,72066.0,49.0,95.0,118695.0,49.05,32.0,43563.0,49.1,49.0,54961.0,5180470.0,49.33
10793.10,36691.06,0,18150799.0,12:33:22,48.85,35.0,51937.0,48.8,60.0,57915.0,48.75,47.0,64271.0,48.7,124.0,73574.0,48.65,52.0,63593.0,3010030.0,48.9,19.0,16959.0,48.95,61.0,72066.0,49.0,95.0,118695.0,49.05,32.0,43563.0,49.1,49.0,54961.0,5180570.0,49.33
10792.65,36694.47,0,18150801.0,12:33:25,48.85,36.0,52117.0,48.8,61.0,59011.0,48.75,47.0,64271.0,48.7,124.0,73574.0,48.65,52.0,63593.0,3011306.0,48.9,20.0,16960.0,48.95,61.0,72066.0,49.0,95.0,118695.0,49.05,32.0,43563.0,49.1,49.0,54961.0,5180571.0,49.33
10793.00,36694.66,0,18150801.0,12:33:25,48.85,36.0,52117.0,48.8,61.0,59011.0,48.75,47.0,64271.0,48.7,124.0,73574.0,48.65,52.0,63593.0,3011306.0,48.9,20.0,16960.0,48.95,61.0,72066.0,49.0,95.0,118695.0,49.05,32.0,43563.0,49.1,49.0,54961.0,5180571.0,49.33
10793.00,36693.93,0,18152901.0,12:33:27,48.85,36.0,52117.0,48.8,61.0,59011.0,48.75,47.0,64271.0,48.7,124.0,73574.0,48.65,52.0,63593.0,3011326.0,48.9,15.0,13982.0,48.95,61.0,72066.0,49.0,95.0,118695.0,49.05,32.0,43563.0,49.1,49.0,54961.0,5177593.0,49.33
10793.10,36693.93,0,18153502.0,12:33:29,48.85,36.0,52301.0,48.8,62.0,59761.0,48.75,46.0,63521.0,48.7,124.0,73574.0,48.65,52.0,63593.0,3011460.0,48.9,14.0,13381.0,48.95,62.0,72067.0,49.0,95.0,118695.0,49.05,32.0,43563.0,49.1,49.0,54961.0,5176943.0,49.33
10791.95,36693.34,0,18153502.0,12:33:29,48.85,37.0,52556.0,48.8,61.0,59506.0,48.75,46.0,63521.0,48.7,123.0,73565.0,48.65,52.0,63593.0,3011651.0,48.9,14.0,13381.0,48.95,62.0,72067.0,49.0,95.0,118695.0,49.05,32.0,43563.0,49.1,49.0,54961.0,5176943.0,49.33
10792.40,36692.55,0,18153742.0,12:33:31,48.85,37.0,52337.0,48.8,61.0,59725.0,48.75,46.0,63521.0,48.7,123.0,73565.0,48.65,52.0,63593.0,3014651.0,48.9,14.0,13141.0,48.95,62.0,72067.0,49.0,94.0,105626.0,49.05,32.0,43563.0,49.1,49.0,54961.0,5163634.0,49.33
10792.30,36692.47,0,18154042.0,12:33:32,48.85,36.0,52133.0,48.8,61.0,59725.0,48.75,46.0,63521.0,48.7,123.0,73565.0,48.65,52.0,63593.0,3014467.0,48.9,16.0,13684.0,48.95,63.0,72069.0,49.0,94.0,105626.0,49.05,32.0,43563.0,49.1,49.0,54961.0,5164179.0,49.33
10791.75,36693.84,0,18154045.0,12:33:33,48.85,37.0,52533.0,48.8,61.0,58725.0,48.75,46.0,63521.0,48.7,123.0,73565.0,48.65,52.0,63593.0,3013867.0,48.9,16.0,13681.0,48.95,63.0,72069.0,49.0,94.0,105626.0,49.05,32.0,43563.0,49.1,49.0,54961.0,5164176.0,49.33
10790.95,36690.75,0,18154045.0,12:33:33,48.85,38.0,52783.0,48.8,61.0,58725.0,48.75,46.0,63521.0,48.7,123.0,73565.0,48.65,52.0,63593.0,3014117.0,48.9,16.0,13681.0,48.95,63.0,72069.0,49.0,94.0,105626.0,49.05,32.0,43563.0,49.1,49.0,54961.0,5164676.0,49.33
10791.10,36690.75,0,18154547.0,12:33:36,48.85,37.0,52283.0,48.8,61.0,58725.0,48.75,46.0,63521.0,48.7,123.0,73565.0,48.65,52.0,63593.0,3014617.0,48.9,18.0,17159.0,48.95,63.0,72069.0,49.0,94.0,105626.0,49.05,32.0,43563.0,49.1,50.0,55111.0,5168204.0,49.33
10791.00,36690.34,0,18154547.0,12:33:36,48.85,37.0,52283.0,48.8,61.0,58725.0,48.75,46.0,63521.0,48.7,123.0,73565.0,48.65,52.0,63593.0,3014617.0,48.9,18.0,17159.0,48.95,63.0,72069.0,49.0,94.0,105626.0,49.05,32.0,43563.0,49.1,50.0,55111.0,5168204.0,49.33
10791.55,36690.34,0,18154547.0,12:33:36,48.85,32.0,44072.0,48.8,62.0,58761.0,48.75,47.0,63571.0,48.7,122.0,73515.0,48.65,52.0,63593.0,3008032.0,48.9,24.0,27722.0,48.95,62.0,83576.0,49.0,90.0,82765.0,49.05,32.0,43563.0,49.1,50.0,55111.0,5160004.0,49.33
10791.05,36690.34,0,18154647.0,12:33:38,48.85,31.0,43217.0,48.8,62.0,58761.0,48.75,47.0,63571.0,48.7,122.0,73515.0,48.65,52.0,63593.0,3007177.0,48.9,24.0,27622.0,48.95,62.0,83576.0,49.0,91.0,82766.0,49.05,32.0,43563.0,49.1,50.0,55111.0,5160405.0,49.33
10791.50,36691.58,0,18154647.0,12:33:38,48.85,31.0,43217.0,48.8,62.0,58761.0,48.75,47.0,63571.0,48.7,122.0,73515.0,48.65,52.0,63593.0,3007877.0,48.9,24.0,27622.0,48.95,63.0,91776.0,49.0,91.0,82766.0,49.05,32.0,43563.0,49.1,50.0,55111.0,5168605.0,49.33
10791.00,36691.35,0,18154647.0,12:33:38,48.85,31.0,43217.0,48.8,63.0,59161.0,48.75,47.0,63571.0,48.7,122.0,73515.0,48.65,52.0,63593.0,3007877.0,48.9,24.0,27622.0,48.95,62.0,83576.0,49.0,91.0,82766.0,49.05,32.0,43563.0,49.1,50.0,55111.0,5160405.0,49.33
10791.10,36691.35,0,18154647.0,12:33:38,48.85,31.0,43217.0,48.8,63.0,59161.0,48.75,47.0,63571.0,48.7,123.0,77515.0,48.65,52.0,63593.0,3011877.0,48.9,26.0,29072.0,48.95,61.0,90326.0,49.0,91.0,82766.0,49.05,32.0,43563.0,49.1,51.0,55113.0,5168597.0,49.33
10791.70,36691.63,0,18154647.0,12:33:38,48.85,31.0,43217.0,48.8,63.0,59161.0,48.75,48.0,63578.0,48.7,123.0,77515.0,48.65,52.0,63593.0,3011884.0,48.9,24.0,27622.0,48.95,63.0,91776.0,49.0,91.0,82766.0,49.05,32.0,43563.0,49.1,51.0,55113.0,5168597.0,49.33
10791.95,36690.27,0,18154647.0,12:33:38,48.85,31.0,43217.0,48.8,63.0,59161.0,48.75,48.0,63578.0,48.7,123.0,77515.0,48.65,52.0,63593.0,3011884.0,48.9,24.0,27622.0,48.95,63.0,91776.0,49.0,91.0,82766.0,49.05,32.0,43563.0,49.1,51.0,55113.0,5168597.0,49.33
10790.85,36688.17,0,18154649.0,12:33:45,48.85,31.0,43215.0,48.8,63.0,59161.0,48.75,48.0,63578.0,48.7,123.0,77515.0,48.65,52.0,63593.0,3011782.0,48.9,26.0,29072.0,48.95,61.0,90326.0,49.0,91.0,82766.0,49.05,32.0,43563.0,49.1,51.0,55113.0,5168597.0,49.33
10790.95,36691.97,0,18154649.0,12:33:45,48.85,31.0,43215.0,48.8,63.0,59161.0,48.75,48.0,63578.0,48.7,123.0,77515.0,48.65,52.0,63593.0,3011782.0,48.9,26.0,29072.0,48.95,61.0,90326.0,49.0,91.0,82766.0,49.05,33.0,43564.0,49.1,51.0,55113.0,5168598.0,49.33
10791.20,36691.37,0,18154649.0,12:33:45,48.85,31.0,41818.0,48.8,62.0,59158.0,48.75,49.0,63978.0,48.7,123.0,77515.0,48.65,52.0,63593.0,3010382.0,48.9,24.0,27622.0,48.95,62.0,83576.0,49.0,91.0,82766.0,49.05,33.0,43564.0,49.1,51.0,55113.0,5160898.0,49.33
10790.85,36689.86,0,18154749.0,12:33:49,48.85,31.0,41818.0,48.8,62.0,59158.0,48.75,49.0,63978.0,48.7,123.0,77515.0,48.65,52.0,63593.0,3010382.0,48.9,29.0,29713.0,48.95,60.0,90290.0,49.0,91.0,82766.0,49.05,33.0,43564.0,49.1,51.0,55113.0,5169703.0,49.33
10790.85,36689.86,0,18154959.0,12:33:51,48.85,33.0,45493.0,48.8,62.0,59158.0,48.75,49.0,63978.0,48.7,123.0,77515.0,48.65,52.0,63593.0,3014057.0,48.9,25.0,28027.0,48.95,61.0,82876.0,49.0,92.0,83466.0,49.05,33.0,43564.0,49.1,51.0,55113.0,5161303.0,49.33
10790.75,36687.61,0,18154959.0,12:33:51,48.85,33.0,45493.0,48.8,62.0,59158.0,48.75,49.0,63978.0,48.7,123.0,77515.0,48.65,52.0,63593.0,3014057.0,48.9,28.0,33128.0,48.95,61.0,82876.0,49.0,92.0,83466.0,49.05,33.0,43564.0,49.1,51.0,55113.0,5166404.0,49.33
10791.00,36685.92,0,18155459.0,12:33:52,48.85,31.0,43209.0,48.8,67.0,67490.0,48.75,45.0,57646.0,48.7,122.0,75515.0,48.65,52.0,63593.0,3011773.0,48.9,30.0,36629.0,48.95,61.0,82876.0,49.0,92.0,83466.0,49.05,33.0,43564.0,49.1,51.0,55113.0,5170105.0,49.33
10790.80,36685.82,0,18155569.0,12:33:55,48.85,30.0,42209.0,48.8,67.0,66685.0,48.75,45.0,57646.0,48.7,122.0,75515.0,48.65,52.0,63593.0,3009968.0,48.9,31.0,36655.0,48.95,62.0,84365.0,49.0,92.0,83766.0,49.05,33.0,43564.0,49.1,52.0,55114.0,5171921.0,49.33
10790.10,36685.99,0,18156699.0,12:33:56,48.85,31.0,43994.0,48.8,66.0,64685.0,48.75,45.0,57646.0,48.7,122.0,75515.0,48.65,52.0,63593.0,3009753.0,48.9,30.0,35489.0,48.95,63.0,84401.0,49.0,92.0,83766.0,49.05,33.0,43564.0,49.1,52.0,55114.0,5170791.0,49.33
10790.10,36687.40,0,18156949.0,12:33:57,48.85,31.0,43994.0,48.8,66.0,64685.0,48.75,45.0,57646.0,48.7,122.0,75515.0,48.65,52.0,63593.0,3009753.0,48.9,30.0,36371.0,48.95,62.0,84365.0,49.0,92.0,83766.0,49.05,33.0,43564.0,49.1,52.0,55114.0,5171587.0,49.33
10790.10,36687.40,0,18156950.0,12:33:59,48.85,33.0,44453.0,48.8,65.0,64430.0,48.75,45.0,57646.0,48.7,122.0,75515.0,48.65,52.0,63593.0,3008957.0,48.9,30.0,36370.0,48.95,62.0,84365.0,49.0,92.0,83766.0,49.05,33.0,43564.0,49.1,52.0,55114.0,5171586.0,49.33
10791.25,36688.18,0,18156951.0,12:33:59,48.85,33.0,44452.0,48.8,65.0,64430.0,48.75,45.0,57646.0,48.7,122.0,75515.0,48.65,52.0,63593.0,3008956.0,48.9,30.0,36370.0,48.95,62.0,84365.0,49.0,92.0,83766.0,49.05,33.0,43564.0,49.1,53.0,55514.0,5171869.0,49.33
10791.70,36689.34,0,18156951.0,12:33:59,48.85,33.0,44452.0,48.8,65.0,64430.0,48.75,45.0,57646.0,48.7,122.0,75515.0,48.65,52.0,63593.0,3008956.0,48.9,30.0,36370.0,48.95,62.0,84365.0,49.0,92.0,83766.0,49.05,33.0,43564.0,49.1,53.0,55514.0,5171870.0,49.33
10791.70,36689.34,0,18156951.0,12:33:59,48.85,33.0,44452.0,48.8,65.0,64430.0,48.75,45.0,57646.0,48.7,122.0,75515.0,48.65,52.0,63593.0,3008956.0,48.9,30.0,36370.0,48.95,62.0,84365.0,49.0,92.0,83766.0,49.05,33.0,43564.0,49.1,53.0,55514.0,5171870.0,49.33
10791.55,36689.05,0,18156951.0,12:33:59,48.85,34.0,44693.0,48.8,65.0,64430.0,48.75,45.0,57646.0,48.7,122.0,75515.0,48.65,52.0,63593.0,3009191.0,48.9,30.0,36370.0,48.95,62.0,84365.0,49.0,92.0,83766.0,49.05,33.0,43564.0,49.1,53.0,55514.0,5171870.0,49.33
10791.60,36689.28,0,18156951.0,12:33:59,48.85,34.0,44693.0,48.8,65.0,64430.0,48.75,45.0,57646.0,48.7,122.0,75515.0,48.65,52.0,63593.0,3009191.0,48.9,30.0,36370.0,48.95,62.0,84365.0,49.0,92.0,83766.0,49.05,33.0,43564.0,49.1,53.0,55514.0,5171870.0,49.33
10790.45,36689.20,0,18156951.0,12:33:59,48.85,34.0,44693.0,48.8,65.0,64430.0,48.75,45.0,57646.0,48.7,122.0,75515.0,48.65,52.0,63593.0,3009191.0,48.9,30.0,36370.0,48.95,62.0,84365.0,49.0,92.0,83766.0,49.05,33.0,43564.0,49.1,53.0,55514.0,5171870.0,49.33
10790.45,36689.13,0,18157032.0,12:34:06,48.85,32.0,42671.0,48.8,66.0,64685.0,48.75,45.0,57646.0,48.7,122.0,75515.0,48.65,52.0,63593.0,3007424.0,48.9,30.0,36370.0,48.95,63.0,84565.0,49.0,92.0,83766.0,49.05,33.0,43564.0,49.1,53.0,55514.0,5169020.0,49.33
10790.45,36689.20,0,18157043.0,12:34:08,48.85,33.0,44456.0,48.8,66.0,64685.0,48.75,45.0,57646.0,48.7,122.0,75515.0,48.65,52.0,63593.0,3009419.0,48.9,30.0,36359.0,48.95,64.0,84655.0,49.0,91.0,83676.0,49.05,33.0,43564.0,49.1,53.0,55514.0,5169031.0,49.33
10790.75,36689.60,0,18157043.0,12:34:08,48.85,33.0,44456.0,48.8,66.0,64685.0,48.75,45.0,57646.0,48.7,122.0,75515.0,48.65,52.0,63593.0,3009419.0,48.9,30.0,36359.0,48.95,64.0,84655.0,49.0,91.0,83676.0,49.05,33.0,43564.0,49.1,53.0,55514.0,5169031.0,49.33
10790.70,36689.50,0,18157043.0,12:34:08,48.85,33.0,44456.0,48.8,66.0,64685.0,48.75,45.0,57646.0,48.7,122.0,75515.0,48.65,52.0,63593.0,3009419.0,48.9,30.0,36359.0,48.95,64.0,84655.0,49.0,91.0,83676.0,49.05,33.0,43564.0,49.1,53.0,55514.0,5169745.0,49.33
10791.20,36689.50,0,18157043.0,12:34:08,48.85,33.0,44456.0,48.8,66.0,64685.0,48.75,45.0,57646.0,48.7,122.0,75515.0,48.65,52.0,63593.0,3009419.0,48.9,30.0,36359.0,48.95,64.0,84655.0,49.0,91.0,83676.0,49.05,33.0,43564.0,49.1,53.0,55514.0,5169695.0,49.33
10790.80,36690.11,0,18157043.0,12:34:08,48.85,33.0,44456.0,48.8,66.0,64685.0,48.75,45.0,57646.0,48.7,122.0,75515.0,48.65,52.0,63593.0,3009419.0,48.9,30.0,36359.0,48.95,64.0,84655.0,49.0,91.0,83676.0,49.05,33.0,43564.0,49.1,53.0,55514.0,5169695.0,49.33
10790.30,36689.03,0,18157568.0,12:34:13,48.85,34.0,43399.0,48.8,66.0,64685.0,48.75,45.0,57646.0,48.7,122.0,75515.0,48.65,52.0,63593.0,3008362.0,48.9,32.0,46063.0,48.95,62.0,83205.0,49.0,92.0,75126.0,49.05,33.0,43564.0,49.1,53.0,55514.0,5169374.0,49.33
10789.65,36690.70,0,18157569.0,12:34:14,48.85,34.0,43399.0,48.8,66.0,64685.0,48.75,45.0,57646.0,48.7,122.0,75515.0,48.65,52.0,63593.0,3008362.0,48.9,32.0,46062.0,48.95,62.0,83205.0,49.0,92.0,75126.0,49.05,33.0,43564.0,49.1,53.0,55514.0,5169323.0,49.33
10789.45,36686.71,0,18157569.0,12:34:14,48.85,34.0,43399.0,48.8,67.0,64687.0,48.75,46.0,57746.0,48.7,122.0,75515.0,48.65,52.0,63593.0,3008489.0,48.9,32.0,46062.0,48.95,62.0,83205.0,49.0,92.0,75126.0,49.05,33.0,43564.0,49.1,53.0,55514.0,5169323.0,49.33
10790.30,36685.80,0,18157569.0,12:34:14,48.85,34.0,43399.0,48.8,67.0,64687.0,48.75,46.0,57746.0,48.7,122.0,75515.0,48.65,52.0,63593.0,3008514.0,48.9,32.0,46062.0,48.95,62.0,83205.0,49.0,92.0,75126.0,49.05,33.0,43564.0,49.1,53.0,55514.0,5169323.0,49.33
10789.90,36685.19,0,18157569.0,12:34:14,48.85,34.0,43399.0,48.8,67.0,64687.0,48.75,46.0,57746.0,48.7,122.0,75515.0,48.65,52.0,63593.0,3008564.0,48.9,33.0,48562.0,48.95,62.0,83205.0,49.0,92.0,75126.0,49.05,33.0,43564.0,49.1,53.0,55514.0,5171823.0,49.33
10790.65,36686.85,0,18157569.0,12:34:14,48.85,34.0,43399.0,48.8,67.0,64687.0,48.75,46.0,57746.0,48.7,122.0,75515.0,48.65,52.0,63593.0,3008564.0,48.9,33.0,48562.0,48.95,65.0,92855.0,49.0,90.0,73676.0,49.05,33.0,43564.0,49.1,53.0,55514.0,5180003.0,49.33
10790.15,36686.85,0,18157569.0,12:34:14,48.85,34.0,43399.0,48.8,67.0,64687.0,48.75,46.0,57746.0,48.7,122.0,75515.0,48.65,52.0,63593.0,3008714.0,48.9,33.0,48562.0,48.95,65.0,92855.0,49.0,90.0,73676.0,49.05,33.0,43564.0,49.1,53.0,55514.0,5180003.0,49.33
10790.15,36685.04,0,18157569.0,12:34:14,48.85,34.0,43399.0,48.8,67.0,64687.0,48.75,46.0,57746.0,48.7,122.0,75515.0,48.65,52.0,63593.0,3008734.0,48.9,33.0,48562.0,48.95,65.0,92855.0,49.0,90.0,73676.0,49.05,33.0,43564.0,49.1,53.0,55514.0,5180003.0,49.33
10790.25,36684.63,0,18157675.0,12:34:23,48.85,34.0,44328.0,48.8,67.0,64687.0,48.75,46.0,57746.0,48.7,122.0,75515.0,48.65,52.0,63593.0,3009813.0,48.9,32.0,45457.0,48.95,65.0,92855.0,49.0,90.0,73676.0,49.05,33.0,43564.0,49.1,53.0,55514.0,5176898.0,49.33
10790.25,36684.63,0,18157675.0,12:34:23,48.85,33.0,44326.0,48.8,67.0,64687.0,48.75,46.0,57746.0,48.7,122.0,75515.0,48.65,52.0,63593.0,3009811.0,48.9,32.0,45457.0,48.95,65.0,92855.0,49.0,90.0,73676.0,49.05,33.0,43564.0,49.1,53.0,55514.0,5176898.0,49.33
10790.05,36684.63,0,18157675.0,12:34:23,48.85,33.0,44326.0,48.8,67.0,64687.0,48.75,46.0,57746.0,48.7,122.0,75515.0,48.65,52.0,63593.0,3009811.0,48.9,32.0,45457.0,48.95,65.0,92855.0,49.0,90.0,73676.0,49.05,33.0,43564.0,49.1,53.0,55514.0,5176898.0,49.33
10789.55,36682.02,0,18157677.0,12:34:25,48.85,33.0,44324.0,48.8,68.0,64737.0,48.75,46.0,57746.0,48.7,122.0,75515.0,48.65,52.0,63593.0,3009859.0,48.9,32.0,44103.0,48.95,65.0,94209.0,49.0,90.0,73676.0,49.05,33.0,43564.0,49.1,53.0,55514.0,5176898.0,49.33
10789.60,36682.66,0,18157677.0,12:34:25,48.85,33.0,28545.0,48.8,69.0,81737.0,48.75,47.0,57846.0,48.7,122.0,75515.0,48.65,52.0,63593.0,3011180.0,48.9,33.0,44253.0,48.95,64.0,94059.0,49.0,90.0,73676.0,49.05,33.0,43564.0,49.1,53.0,55514.0,5176898.0,49.33
10789.45,36682.67,0,18157677.0,12:34:25,48.85,33.0,28545.0,48.8,69.0,81737.0,48.75,47.0,57846.0,48.7,122.0,75515.0,48.65,52.0,63593.0,3011180.0,48.9,33.0,44253.0,48.95,64.0,94059.0,49.0,90.0,73676.0,49.05,33.0,43564.0,49.1,53.0,55514.0,5176898.0,49.33
10789.80,36681.32,0,18157877.0,12:34:28,48.85,34.0,28595.0,48.8,69.0,81737.0,48.75,47.0,57846.0,48.7,122.0,75515.0,48.65,52.0,63593.0,3011230.0,48.9,31.0,42453.0,48.95,66.0,95659.0,49.0,90.0,73676.0,49.05,33.0,43564.0,49.1,53.0,55514.0,5176758.0,49.33
10788.50,36680.56,0,18157877.0,12:34:28,48.85,34.0,28595.0,48.8,69.0,81737.0,48.75,47.0,57846.0,48.7,122.0,75515.0,48.65,52.0,63593.0,3011230.0,48.9,31.0,42453.0,48.95,66.0,95659.0,49.0,90.0,73676.0,49.05,33.0,43564.0,49.1,53.0,55514.0,5177258.0,49.33
10788.10,36679.66,0,18158429.0,12:34:32,48.85,34.0,28360.0,48.8,69.0,81737.0,48.75,46.0,55746.0,48.7,122.0,75515.0,48.65,52.0,63593.0,3008895.0,48.9,31.0,43951.0,48.95,67.0,96659.0,49.0,90.0,73676.0,49.05,33.0,43564.0,49.1,53.0,55514.0,5179756.0,49.33
10787.85,36680.84,0,18158429.0,12:34:32,48.85,34.0,28360.0,48.8,69.0,81737.0,48.75,46.0,55746.0,48.7,122.0,75515.0,48.65,52.0,63593.0,3008895.0,48.9,31.0,43951.0,48.95,67.0,96659.0,49.0,90.0,73676.0,49.05,33.0,43564.0,49.1,53.0,55514.0,5179756.0,49.33
10787.15,36681.23,0,18158729.0,12:34:34,48.85,34.0,28060.0,48.8,68.0,81687.0,48.75,47.0,55796.0,48.7,122.0,75515.0,48.65,52.0,63593.0,3009595.0,48.9,31.0,43951.0,48.95,67.0,96659.0,49.0,90.0,73676.0,49.05,33.0,43564.0,49.1,53.0,55514.0,5179756.0,49.33
10788.05,36678.20,0,18158729.0,12:34:34,48.85,34.0,28060.0,48.8,68.0,81687.0,48.75,47.0,55796.0,48.7,122.0,75515.0,48.65,52.0,63593.0,3009595.0,48.9,32.0,44151.0,48.95,66.0,96459.0,49.0,90.0,73676.0,49.05,33.0,43564.0,49.1,53.0,55514.0,5179806.0,49.33
10787.40,36676.43,0,18159229.0,12:34:36,48.85,34.0,28060.0,48.8,68.0,81687.0,48.75,47.0,55796.0,48.7,122.0,75515.0,48.65,52.0,63593.0,3009595.0,48.9,32.0,45051.0,48.95,66.0,96459.0,49.0,90.0,73676.0,49.05,33.0,43564.0,49.1,53.0,55514.0,5180706.0,49.33
10787.95,36676.43,0,18159229.0,12:34:36,48.85,34.0,28060.0,48.8,68.0,81687.0,48.75,48.0,55896.0,48.7,122.0,75515.0,48.65,52.0,63593.0,3009695.0,48.9,33.0,45479.0,48.95,66.0,96459.0,49.0,90.0,73676.0,49.05,33.0,43564.0,49.1,53.0,55514.0,5181134.0,49.33
10787.85,36679.84,0,18159229.0,12:34:36,48.85,34.0,28060.0,48.8,68.0,81687.0,48.75,49.0,55911.0,48.7,122.0,75515.0,48.65,52.0,63593.0,3009710.0,48.9,33.0,45479.0,48.95,66.0,96459.0,49.0,90.0,73676.0,49.05,33.0,43564.0,49.1,53.0,55514.0,5181134.0,49.33
10787.45,36677.20,0,18159229.0,12:34:36,48.85,34.0,28060.0,48.8,68.0,81687.0,48.75,49.0,55911.0,48.7,122.0,75515.0,48.65,52.0,63593.0,3009710.0,48.9,33.0,45479.0,48.95,66.0,96459.0,49.0,90.0,73676.0,49.05,33.0,43564.0,49.1,53.0,55514.0,5181134.0,49.33
10787.90,36677.17,0,18160179.0,12:34:41,48.85,34.0,27660.0,48.8,68.0,81687.0,48.75,49.0,55911.0,48.7,122.0,75515.0,48.65,52.0,63593.0,3009310.0,48.9,33.0,45184.0,48.95,66.0,96459.0,49.0,90.0,73676.0,49.05,33.0,43564.0,49.1,53.0,55514.0,5180839.0,49.33
10787.70,36678.62,0,18160179.0,12:34:41,48.85,35.0,27661.0,48.8,68.0,81687.0,48.75,49.0,55911.0,48.7,122.0,75515.0,48.65,52.0,63593.0,3009311.0,48.9,33.0,45184.0,48.95,66.0,96459.0,49.0,90.0,73676.0,49.05,33.0,43564.0,49.1,53.0,55514.0,5180839.0,49.33
10788.00,36677.40,0,18161279.0,12:34:43,48.85,36.0,29356.0,48.8,68.0,81687.0,48.75,49.0,55911.0,48.7,122.0,75515.0,48.65,52.0,63593.0,3011106.0,48.9,33.0,44184.0,48.95,66.0,96459.0,49.0,90.0,73676.0,49.05,33.0,43564.0,49.1,53.0,55514.0,5179839.0,49.33
10787.50,36677.05,0,18161281.0,12:34:45,48.85,36.0,29354.0,48.8,68.0,81687.0,48.75,49.0,55911.0,48.7,122.0,75515.0,48.65,52.0,63593.0,3011104.0,48.9,33.0,44184.0,48.95,66.0,96459.0,49.0,90.0,73676.0,49.05,33.0,43564.0,49.1,53.0,55514.0,5180389.0,49.33
10787.70,36677.48,0,18161281.0,12:34:45,48.85,37.0,29404.0,48.8,68.0,81687.0,48.75,49.0,55911.0,48.7,122.0,75515.0,48.65,52.0,63593.0,3011154.0,48.9,33.0,44184.0,48.95,66.0,96459.0,49.0,90.0,73676.0,49.05,33.0,43564.0,49.1,53.0,55514.0,5180889.0,49.33
10787.30,36678.27,0,18161281.0,12:34:45,48.85,37.0,29404.0,48.8,68.0,81687.0,48.75,49.0,55911.0,48.7,122.0,75515.0,48.65,52.0,63593.0,3011154.0,48.9,33.0,44184.0,48.95,66.0,96459.0,49.0,90.0,73676.0,49.05,33.0,43564.0,49.1,53.0,55514.0,5180889.0,49.33
10788.20,36677.60,0,18161381.0,12:34:48,48.85,37.0,29404.0,48.8,68.0,81687.0,48.75,49.0,55911.0,48.7,123.0,75536.0,48.65,52.0,63593.0,3011175.0,48.9,33.0,44084.0,48.95,66.0,96459.0,49.0,90.0,73676.0,49.05,33.0,43564.0,49.1,53.0,55514.0,5180789.0,49.33
10787.70,36675.94,0,18161381.0,12:34:48,48.85,38.0,29434.0,48.8,68.0,81687.0,48.75,49.0,55911.0,48.7,123.0,75536.0,48.65,52.0,63593.0,3011225.0,48.9,33.0,44084.0,48.95,66.0,96459.0,49.0,90.0,73676.0,49.05,33.0,43564.0,49.1,53.0,55514.0,5180789.0,49.33
10786.90,36675.29,0,18196120.0,12:34:52,48.8,40.0,35156.0,48.75,47.0,50100.0,48.7,124.0,75636.0,48.65,50.0,51710.0,48.6,136.0,107875.0,2937266.0,48.85,25.0,35375.0,48.9,42.0,90555.0,48.95,54.0,55461.0,49.0,90.0,73676.0,49.05,35.0,55447.0,5213930.0,49.33
10787.40,36675.04,0,18196120.0,12:34:52,48.8,40.0,35156.0,48.75,47.0,50100.0,48.7,124.0,75636.0,48.65,50.0,51710.0,48.6,136.0,107875.0,2937266.0,48.85,25.0,35375.0,48.9,42.0,90555.0,48.95,54.0,55461.0,49.0,90.0,73676.0,49.05,35.0,55447.0,5213930.0,49.33
10787.45,36674.18,0,18207320.0,12:34:53,48.8,29.0,29962.0,48.75,58.0,63698.0,48.7,126.0,77716.0,48.65,50.0,51710.0,48.6,136.0,107875.0,2947850.0,48.85,22.0,25539.0,48.9,44.0,84149.0,48.95,55.0,56411.0,49.0,90.0,73676.0,49.05,35.0,55447.0,5199138.0,49.33
10788.00,36675.38,0,18207470.0,12:34:55,48.8,30.0,30902.0,48.75,58.0,63698.0,48.7,126.0,77716.0,48.65,50.0,51710.0,48.6,136.0,107875.0,2948790.0,48.85,22.0,25439.0,48.9,44.0,84149.0,48.95,55.0,56411.0,49.0,90.0,73676.0,49.05,35.0,55447.0,5199038.0,49.33
10787.20,36676.41,0,18207870.0,12:34:55,48.8,30.0,30902.0,48.75,58.0,63698.0,48.7,126.0,77716.0,48.65,50.0,51710.0,48.6,136.0,107875.0,2948790.0,48.85,22.0,25039.0,48.9,44.0,84149.0,48.95,55.0,56411.0,49.0,91.0,73776.0,49.05,35.0,55447.0,5198758.0,49.33
10787.45,36674.94,0,18208870.0,12:34:56,48.8,30.0,30902.0,48.75,58.0,63698.0,48.7,126.0,77716.0,48.65,50.0,51710.0,48.6,136.0,107875.0,2947785.0,48.85,22.0,25539.0,48.9,44.0,84149.0,48.95,55.0,56411.0,49.0,91.0,73776.0,49.05,35.0,55447.0,5199258.0,49.33
10787.15,36675.56,0,18208870.0,12:34:56,48.8,32.0,33057.0,48.75,58.0,63698.0,48.7,126.0,77716.0,48.65,50.0,51710.0,48.6,136.0,107875.0,2949845.0,48.85,22.0,25539.0,48.9,45.0,84249.0,48.95,55.0,56411.0,49.0,91.0,73776.0,49.05,35.0,55447.0,5199358.0,49.33
10787.15,36676.70,0,18208870.0,12:34:56,48.8,32.0,33057.0,48.75,58.0,63698.0,48.7,126.0,77716.0,48.65,50.0,51710.0,48.6,136.0,107875.0,2950445.0,48.85,22.0,25539.0,48.9,45.0,84249.0,48.95,55.0,56411.0,49.0,91.0,73776.0,49.05,35.0,55447.0,5199358.0,49.33
10786.85,36676.70,0,18208870.0,12:34:56,48.8,32.0,33057.0,48.75,58.0,63698.0,48.7,126.0,77716.0,48.65,50.0,51710.0,48.6,136.0,107875.0,2950445.0,48.85,22.0,25539.0,48.9,45.0,84249.0,48.95,55.0,56411.0,49.0,91.0,73776.0,49.05,35.0,55447.0,5199358.0,49.33
10787.05,36676.63,0,18208870.0,12:34:56,48.8,32.0,17278.0,48.75,59.0,80698.0,48.7,126.0,77716.0,48.65,50.0,51710.0,48.6,136.0,107875.0,2951666.0,48.85,23.0,26039.0,48.9,45.0,88549.0,48.95,54.0,51611.0,49.0,91.0,73776.0,49.05,35.0,55447.0,5199358.0,49.33
10786.35,36674.19,0,18208870.0,12:34:56,48.8,32.0,17278.0,48.75,59.0,80698.0,48.7,126.0,77716.0,48.65,50.0,51710.0,48.6,136.0,107875.0,2951666.0,48.85,23.0,26039.0,48.9,45.0,88549.0,48.95,54.0,51611.0,49.0,91.0,73776.0,49.05,35.0,55447.0,5199358.0,49.33
10787.25,36673.75,0,18208870.0,12:34:56,48.8,32.0,17278.0,48.75,59.0,80698.0,48.7,126.0,77716.0,48.65,50.0,51710.0,48.6,136.0,107875.0,2951766.0,48.85,24.0,26044.0,48.9,46.0,88550.0,48.95,54.0,51611.0,49.0,91.0,73776.0,49.05,35.0,55447.0,5199364.0,49.33
10786.40,36673.75,0,18208875.0,12:35:05,48.8,32.0,17276.0,48.75,59.0,80698.0,48.7,126.0,77716.0,48.65,50.0,51710.0,48.6,136.0,107875.0,2951764.0,48.85,25.0,28541.0,48.9,46.0,86051.0,48.95,54.0,51611.0,49.0,91.0,73776.0,49.05,35.0,55447.0,5199362.0,49.33
10786.55,36674.32,0,18208875.0,12:35:05,48.8,32.0,17276.0,48.75,59.0,80698.0,48.7,126.0,77716.0,48.65,50.0,51710.0,48.6,136.0,107875.0,2951764.0,48.85,25.0,28541.0,48.9,46.0,86051.0,48.95,54.0,51611.0,49.0,91.0,73776.0,49.05,35.0,55447.0,5199362.0,49.33
10786.10,36672.45,0,18208875.0,12:35:05,48.8,32.0,17276.0,48.75,59.0,80698.0,48.7,126.0,77716.0,48.65,50.0,51710.0,48.6,136.0,107875.0,2951764.0,48.85,25.0,28541.0,48.9,46.0,86051.0,48.95,54.0,51611.0,49.0,91.0,73776.0,49.05,35.0,55447.0,5199362.0,49.33
10786.20,36672.13,0,18208875.0,12:35:05,48.8,32.0,17276.0,48.75,59.0,80698.0,48.7,126.0,77716.0,48.65,50.0,51710.0,48.6,136.0,107875.0,2951964.0,48.85,25.0,28541.0,48.9,46.0,86051.0,48.95,55.0,51612.0,49.0,91.0,73776.0,49.05,35.0,55447.0,5199363.0,49.33
10786.65,36671.01,0,18208875.0,12:35:05,48.8,32.0,17276.0,48.75,59.0,80698.0,48.7,126.0,77716.0,48.65,50.0,51710.0,48.6,137.0,107925.0,2952014.0,48.85,25.0,28541.0,48.9,47.0,86052.0,48.95,55.0,51612.0,49.0,91.0,73776.0,49.05,35.0,55447.0,5199364.0,49.33
10786.40,36671.51,0,18208875.0,12:35:05,48.8,32.0,17276.0,48.75,59.0,80698.0,48.7,126.0,77716.0,48.65,50.0,51710.0,48.6,137.0,107925.0,2952014.0,48.85,25.0,28541.0,48.9,47.0,86052.0,48.95,55.0,51612.0,49.0,91.0,73776.0,49.05,35.0,55447.0,5199081.0,49.33
10786.40,36671.51,0,18208875.0,12:35:05,48.8,32.0,17276.0,48.75,59.0,80698.0,48.7,126.0,77716.0,48.65,50.0,51710.0,48.6,137.0,107925.0,2952014.0,48.85,26.0,28761.0,48.9,48.0,86142.0,48.95,54.0,51522.0,49.0,91.0,73776.0,49.05,35.0,55447.0,5199301.0,49.33
10786.40,36672.80,0,18208875.0,12:35:05,48.8,32.0,17276.0,48.75,59.0,80698.0,48.7,126.0,77716.0,48.65,50.0,51710.0,48.6,137.0,107925.0,2952014.0,48.85,26.0,28761.0,48.9,48.0,86142.0,48.95,54.0,51522.0,49.0,91.0,73776.0,49.05,35.0,55447.0,5199301.0,49.33
10786.65,36672.17,0,18208875.0,12:35:05,48.8,29.0,13336.0,48.75,59.0,80698.0,48.7,126.0,77716.0,48.65,50.0,51710.0,48.6,137.0,107925.0,2948074.0,48.85,28.0,32297.0,48.9,49.0,92256.0,48.95,52.0,50072.0,49.0,91.0,73776.0,49.05,35.0,55447.0,5207501.0,49.33
10786.00,36672.17,0,18208875.0,12:35:05,48.8,29.0,13336.0,48.75,59.0,80698.0,48.7,126.0,77716.0,48.65,50.0,51710.0,48.6,137.0,107925.0,2948074.0,48.85,28.0,32297.0,48.9,49.0,92256.0,48.95,52.0,50072.0,49.0,91.0,73776.0,49.05,35.0,55447.0,5207501.0,49.33
10787.25,36673.36,0,18213976.0,12:35:14,48.8,44.0,32902.0,48.75,48.0,68133.0,48.7,125.0,83836.0,48.65,50.0,51710.0,48.6,137.0,107925.0,2953488.0,48.85,9.0,9663.0,48.9,38.0,59625.0,48.95,57.0,76172.0,49.0,90.0,66876.0,49.05,34.0,54447.0,5178213.0,49.33
10786.70,36676.09,0,18213976.0,12:35:14,48.8,44.0,32902.0,48.75,48.0,68133.0,48.7,125.0,83836.0,48.65,50.0,51710.0,48.6,137.0,107925.0,2953488.0,48.85,9.0,9663.0,48.9,38.0,59625.0,48.95,57.0,76172.0,49.0,90.0,66876.0,49.05,34.0,54447.0,5178213.0,49.33
10787.25,36675.75,0,18214026.0,12:35:18,48.8,54.0,45500.0,48.75,49.0,69713.0,48.7,125.0,83836.0,48.65,51.0,52210.0,48.6,137.0,107925.0,2968166.0,48.85,9.0,9613.0,48.9,38.0,59625.0,48.95,64.0,85834.0,49.0,90.0,66876.0,49.05,34.0,54447.0,5187825.0,49.33
10787.00,36675.93,0,18215526.0,12:35:19,48.8,55.0,46500.0,48.75,49.0,69713.0,48.7,125.0,83836.0,48.65,51.0,52210.0,48.6,137.0,107925.0,2969416.0,48.85,7.0,7957.0,48.9,40.0,60881.0,48.95,64.0,85834.0,49.0,90.0,66876.0,49.05,34.0,54447.0,5187425.0,49.33
10787.40,36676.24,0,18215526.0,12:35:19,48.8,55.0,46500.0,48.75,49.0,69713.0,48.7,124.0,83826.0,48.65,52.0,52220.0,48.6,137.0,107925.0,2979916.0,48.85,6.0,7057.0,48.9,41.0,60941.0,48.95,64.0,85834.0,49.0,89.0,66816.0,49.05,34.0,54447.0,5186325.0,49.33
10787.75,36677.40,0,18215526.0,12:35:19,48.8,57.0,49003.0,48.75,49.0,69713.0,48.7,125.0,83831.0,48.65,52.0,52220.0,48.6,137.0,107925.0,2987424.0,48.85,6.0,7057.0,48.9,41.0,60941.0,48.95,64.0,85834.0,49.0,89.0,66816.0,49.05,34.0,54447.0,5186325.0,49.33
10787.75,36676.91,0,18215531.0,12:35:23,48.8,57.0,49003.0,48.75,48.0,67713.0,48.7,127.0,85841.0,48.65,52.0,52220.0,48.6,137.0,107925.0,2987434.0,48.85,6.0,7052.0,48.9,41.0,60941.0,48.95,64.0,85834.0,49.0,89.0,66816.0,49.05,34.0,54447.0,5186321.0,49.33
10787.80,36677.16,0,18216031.0,12:35:24,48.8,57.0,49003.0,48.75,48.0,67713.0,48.7,127.0,85841.0,48.65,52.0,52220.0,48.6,137.0,107925.0,2987434.0,48.85,4.0,6552.0,48.9,42.0,61691.0,48.95,63.0,85084.0,49.0,89.0,66816.0,49.05,34.0,54447.0,5185821.0,49.33
10788.60,36679.10,0,18216183.0,12:35:26,48.8,57.0,48851.0,48.75,48.0,67713.0,48.7,127.0,85841.0,48.65,52.0,52220.0,48.6,137.0,107925.0,2987297.0,48.85,4.0,6552.0,48.9,42.0,61691.0,48.95,63.0,85084.0,49.0,89.0,66816.0,49.05,34.0,54447.0,5185821.0,49.33
10788.60,36679.10,0,18216183.0,12:35:26,48.8,57.0,48851.0,48.75,48.0,67713.0,48.7,127.0,85841.0,48.65,52.0,52220.0,48.6,137.0,107925.0,2987297.0,48.85,5.0,10852.0,48.9,42.0,61691.0,48.95,63.0,85084.0,49.0,89.0,66816.0,49.05,34.0,54447.0,5190121.0,49.33
10787.80,36680.58,0,18216183.0,12:35:26,48.8,57.0,48851.0,48.75,48.0,67713.0,48.7,127.0,85841.0,48.65,52.0,52220.0,48.6,137.0,107925.0,2987297.0,48.85,5.0,10852.0,48.9,42.0,61691.0,48.95,63.0,85084.0,49.0,89.0,66816.0,49.05,34.0,54447.0,5190121.0,49.33
10788.10,36678.75,0,18216683.0,12:35:29,48.8,40.0,30234.0,48.75,58.0,64747.0,48.7,128.0,79721.0,48.65,52.0,52220.0,48.6,137.0,107925.0,2959694.0,48.85,15.0,23189.0,48.9,42.0,65552.0,48.95,63.0,85084.0,49.0,89.0,66816.0,49.05,34.0,54447.0,5202202.0,49.33
10787.50,36677.47,0,18216684.0,12:35:31,48.8,42.0,30500.0,48.75,57.0,64491.0,48.7,128.0,79721.0,48.65,52.0,52220.0,48.6,136.0,107425.0,2959204.0,48.85,15.0,23188.0,48.9,42.0,65552.0,48.95,63.0,85084.0,49.0,89.0,66816.0,49.05,34.0,54447.0,5202201.0,49.33
10787.25,36677.69,0,18216695.0,12:35:32,48.8,43.0,32285.0,48.75,57.0,64491.0,48.7,127.0,79671.0,48.65,52.0,52220.0,48.6,136.0,107425.0,2960939.0,48.85,15.0,23177.0,48.9,42.0,65552.0,48.95,63.0,85084.0,49.0,89.0,66816.0,49.05,34.0,54447.0,5202190.0,49.33
10788.05,36676.12,0,18216695.0,12:35:32,48.8,43.0,32285.0,48.75,57.0,64491.0,48.7,127.0,79671.0,48.65,52.0,52220.0,48.6,136.0,107425.0,2960939.0,48.85,15.0,23177.0,48.9,42.0,65552.0,48.95,63.0,85084.0,49.0,89.0,66816.0,49.05,34.0,54447.0,5202190.0,49.33
10788.30,36677.70,0,18216695.0,12:35:32,48.8,41.0,31825.0,48.75,58.0,64747.0,48.7,127.0,79671.0,48.65,52.0,52220.0,48.6,136.0,107425.0,2960735.0,48.85,18.0,25281.0,48.9,42.0,65552.0,48.95,63.0,85084.0,49.0,89.0,66816.0,49.05,34.0,54447.0,5204294.0,49.33
10788.10,36677.14,0,18216747.0,12:35:34,48.8,42.0,31850.0,48.75,58.0,64747.0,48.7,127.0,79671.0,48.65,52.0,52220.0,48.6,136.0,107425.0,2960760.0,48.85,18.0,25229.0,48.9,42.0,65552.0,48.95,63.0,85084.0,49.0,89.0,66816.0,49.05,34.0,54447.0,5204242.0,49.33
10787.70,36677.18,0,18217047.0,12:35:36,48.8,42.0,31850.0,48.75,58.0,64747.0,48.7,127.0,79671.0,48.65,52.0,52220.0,48.6,136.0,107425.0,2960760.0,48.85,18.0,24929.0,48.9,42.0,65552.0,48.95,63.0,85084.0,49.0,89.0,66816.0,49.05,34.0,54447.0,5203942.0,49.33
10787.70,36677.63,0,18217047.0,12:35:36,48.8,43.0,31925.0,48.75,58.0,64747.0,48.7,127.0,79671.0,48.65,52.0,52220.0,48.6,136.0,107425.0,2960835.0,48.85,18.0,24929.0,48.9,42.0,65552.0,48.95,64.0,90084.0,49.0,89.0,66816.0,49.05,34.0,54447.0,5208942.0,49.33
10787.20,36675.60,0,18217047.0,12:35:36,48.8,43.0,31925.0,48.75,58.0,64747.0,48.7,127.0,79671.0,48.65,52.0,52220.0,48.6,136.0,107425.0,2960835.0,48.85,18.0,24929.0,48.9,42.0,65552.0,48.95,64.0,90084.0,49.0,89.0,66816.0,49.05,34.0,54447.0,5208942.0,49.33
10787.20,36675.43,0,18217047.0,12:35:36,48.8,44.0,32755.0,48.75,58.0,64747.0,48.7,127.0,79671.0,48.65,52.0,52220.0,48.6,136.0,107425.0,2961665.0,48.85,18.0,24929.0,48.9,42.0,65552.0,48.95,64.0,90084.0,49.0,89.0,66816.0,49.05,34.0,54447.0,5208942.0,49.33
10787.80,36673.93,0,18217047.0,12:35:36,48.8,40.0,22408.0,48.75,59.0,64857.0,48.7,127.0,79671.0,48.65,52.0,52220.0,48.6,136.0,107425.0,2960025.0,48.85,21.0,28896.0,48.9,48.0,90287.0,48.95,55.0,56772.0,49.0,90.0,81478.0,49.05,34.0,54447.0,5215404.0,49.33
10786.95,36675.23,0,18217047.0,12:35:36,48.8,40.0,22408.0,48.75,59.0,64857.0,48.7,127.0,79671.0,48.65,52.0,52220.0,48.6,136.0,107425.0,2960025.0,48.85,21.0,28896.0,48.9,48.0,90287.0,48.95,55.0,56772.0,49.0,90.0,81478.0,49.05,34.0,54447.0,5215404.0,49.33
10785.95,36674.06,0,18217147.0,12:35:43,48.8,40.0,21558.0,48.75,57.0,63532.0,48.7,127.0,79671.0,48.65,52.0,52220.0,48.6,135.0,102425.0,2952850.0,48.85,22.0,33446.0,48.9,51.0,103562.0,48.95,54.0,56072.0,49.0,90.0,81478.0,49.05,34.0,54447.0,5232459.0,49.33
10786.00,36673.17,0,18217147.0,12:35:43,48.8,41.0,21591.0,48.75,57.0,63532.0,48.7,127.0,79671.0,48.65,52.0,52220.0,48.6,135.0,102425.0,2952883.0,48.85,22.0,33446.0,48.9,51.0,103562.0,48.95,54.0,56072.0,49.0,90.0,81478.0,49.05,34.0,54447.0,5232459.0,49.33
10786.05,36673.17,0,18217149.0,12:35:45,48.8,39.0,15744.0,48.75,57.0,63532.0,48.7,127.0,79671.0,48.65,52.0,52220.0,48.6,135.0,102425.0,2947036.0,48.85,22.0,33446.0,48.9,51.0,103562.0,48.95,54.0,56072.0,49.0,90.0,81478.0,49.05,34.0,54447.0,5232459.0,49.33
10786.05,36673.11,0,18217149.0,12:35:45,48.8,40.0,15944.0,48.75,57.0,63532.0,48.7,127.0,79671.0,48.65,52.0,52220.0,48.6,135.0,102425.0,2947236.0,48.85,22.0,33446.0,48.9,51.0,103562.0,48.95,55.0,57072.0,49.0,90.0,81478.0,49.05,34.0,54447.0,5232459.0,49.33
10786.05,36673.17,0,18217649.0,12:35:48,48.8,42.0,18465.0,48.75,57.0,63532.0,48.7,127.0,79671.0,48.65,52.0,52220.0,48.6,135.0,102425.0,2949757.0,48.85,22.0,32946.0,48.9,51.0,103562.0,48.95,55.0,57072.0,49.0,90.0,81478.0,49.05,34.0,54447.0,5231959.0,49.33
10785.70,36672.58,0,18217649.0,12:35:48,48.8,42.0,18465.0,48.75,57.0,63532.0,48.7,127.0,79671.0,48.65,52.0,52220.0,48.6,135.0,102425.0,2949757.0,48.85,22.0,32296.0,48.9,52.0,104312.0,48.95,55.0,57072.0,49.0,90.0,81478.0,49.05,34.0,54447.0,5232059.0,49.33
10785.65,36672.76,0,18217649.0,12:35:48,48.8,42.0,18465.0,48.75,57.0,63532.0,48.7,127.0,79671.0,48.65,52.0,52220.0,48.6,135.0,102425.0,2949757.0,48.85,22.0,32296.0,48.9,53.0,104317.0,48.95,55.0,57072.0,49.0,90.0,81478.0,49.05,34.0,54447.0,5232064.0,49.33
10785.65,36672.47,0,18217649.0,12:35:48,48.8,42.0,18465.0,48.75,57.0,63532.0,48.7,127.0,79671.0,48.65,52.0,52220.0,48.6,135.0,102425.0,2949757.0,48.85,22.0,32296.0,48.9,53.0,104317.0,48.95,55.0,57072.0,49.0,90.0,81478.0,49.05,34.0,54447.0,5232564.0,49.33
10786.05,36670.35,0,18217649.0,12:35:48,48.8,41.0,17244.0,48.75,57.0,63532.0,48.7,127.0,79671.0,48.65,52.0,52220.0,48.6,135.0,102425.0,2948536.0,48.85,23.0,42296.0,48.9,53.0,104317.0,48.95,55.0,57072.0,49.0,90.0,81478.0,49.05,34.0,54447.0,5242564.0,49.33
10786.50,36670.45,0,18217649.0,12:35:48,48.8,42.0,17246.0,48.75,57.0,63532.0,48.7,127.0,79671.0,48.65,52.0,52220.0,48.6,135.0,102425.0,2948548.0,48.85,23.0,42296.0,48.9,52.0,99517.0,48.95,55.0,57072.0,49.0,91.0,86278.0,49.05,34.0,54447.0,5242664.0,49.33
10785.65,36669.61,0,18217649.0,12:35:48,48.8,43.0,17316.0,48.75,57.0,63532.0,48.7,127.0,79671.0,48.65,52.0,52220.0,48.6,135.0,102425.0,2948593.0,48.85,23.0,42296.0,48.9,52.0,99517.0,48.95,55.0,57072.0,49.0,92.0,86678.0,49.05,34.0,54447.0,5242664.0,49.33
10786.05,36667.49,0,18217649.0,12:35:48,48.8,45.0,17866.0,48.75,57.0,63532.0,48.7,127.0,79671.0,48.65,52.0,52220.0,48.6,136.0,102502.0,2949220.0,48.85,23.0,42296.0,48.9,52.0,99517.0,48.95,55.0,57072.0,49.0,92.0,86678.0,49.05,34.0,54447.0,5242664.0,49.33
10787.00,36668.26,0,18217649.0,12:35:48,48.8,46.0,18066.0,48.75,57.0,63532.0,48.7,128.0,79691.0,48.65,53.0,52311.0,48.6,137.0,102512.0,2947566.0,48.85,23.0,42296.0,48.9,52.0,99517.0,48.95,55.0,57072.0,49.0,92.0,86678.0,49.05,34.0,54447.0,5242664.0,49.33
10786.35,36668.07,0,18217649.0,12:35:48,48.8,46.0,18066.0,48.75,57.0,63532.0,48.7,128.0,79691.0,48.65,53.0,52311.0,48.6,137.0,102512.0,2947766.0,48.85,23.0,42296.0,48.9,52.0,99517.0,48.95,55.0,57072.0,49.0,92.0,86678.0,49.05,34.0,54447.0,5242663.0,49.33
10786.35,36669.11,0,18219949.0,12:36:00,48.8,49.0,21287.0,48.75,57.0,63532.0,48.7,128.0,79691.0,48.65,53.0,52311.0,48.6,137.0,102512.0,2951987.0,48.85,21.0,39996.0,48.9,53.0,99617.0,48.95,54.0,56972.0,49.0,92.0,86678.0,49.05,34.0,54447.0,5240363.0,49.33
10785.95,36668.73,0,18219949.0,12:36:00,48.8,49.0,21287.0,48.75,57.0,63532.0,48.7,128.0,79691.0,48.65,53.0,52311.0,48.6,137.0,102512.0,2951987.0,48.85,21.0,39996.0,48.9,53.0,99617.0,48.95,54.0,56972.0,49.0,92.0,86678.0,49.05,34.0,54447.0,5240363.0,49.33
10786.05,36669.45,0,18219949.0,12:36:00,48.8,53.0,25628.0,48.75,56.0,63276.0,48.7,128.0,79691.0,48.65,53.0,52311.0,48.6,137.0,102512.0,2956082.0,48.85,21.0,39996.0,48.9,53.0,99617.0,48.95,54.0,56972.0,49.0,92.0,86678.0,49.05,34.0,54447.0,5240363.0,49.33
10786.35,36669.78,0,18219949.0,12:36:00,48.8,54.0,25772.0,48.75,56.0,63432.0,48.7,128.0,79691.0,48.65,53.0,52311.0,48.6,137.0,102512.0,2956382.0,48.85,21.0,39996.0,48.9,53.0,99617.0,48.95,54.0,56972.0,49.0,92.0,86678.0,49.05,34.0,54447.0,5240313.0,49.33
10787.05,36669.78,0,18219949.0,12:36:00,48.8,54.0,25772.0,48.75,56.0,63432.0,48.7,128.0,79691.0,48.65,53.0,52311.0,48.6,137.0,102512.0,2956382.0,48.85,20.0,39792.0,48.9,53.0,99617.0,48.95,54.0,56972.0,49.0,92.0,86678.0,49.05,34.0,54447.0,5240109.0,49.33
10787.05,36670.18,0,18219951.0,12:36:05,48.8,54.0,25770.0,48.75,56.0,63432.0,48.7,128.0,79691.0,48.65,53.0,52311.0,48.6,137.0,102512.0,2956380.0,48.85,20.0,39792.0,48.9,54.0,99932.0,48.95,54.0,56972.0,49.0,92.0,86678.0,49.05,34.0,54447.0,5240424.0,49.33
10786.75,36669.14,0,18219951.0,12:36:05,48.8,55.0,26026.0,48.75,55.0,63176.0,48.7,128.0,79691.0,48.65,53.0,52311.0,48.6,137.0,102512.0,2956380.0,48.85,20.0,39792.0,48.9,54.0,99932.0,48.95,54.0,56972.0,49.0,92.0,86678.0,49.05,34.0,54447.0,5240424.0,49.33
10786.95,36668.35,0,18219951.0,12:36:05,48.8,71.0,49726.0,48.75,46.0,66408.0,48.7,127.0,85811.0,48.65,53.0,52311.0,48.6,137.0,102512.0,2981775.0,48.85,8.0,24292.0,48.9,45.0,61686.0,48.95,58.0,82072.0,49.0,92.0,86678.0,49.05,34.0,54447.0,5219485.0,49.33
10787.45,36673.58,0,18220001.0,12:36:08,48.8,71.0,49726.0,48.75,46.0,66408.0,48.7,127.0,85811.0,48.65,53.0,52311.0,48.6,137.0,102512.0,2981775.0,48.85,9.0,24498.0,48.9,45.0,62180.0,48.95,64.0,90984.0,49.0,92.0,86678.0,49.05,34.0,54447.0,5229097.0,49.33
10787.15,36672.88,0,18220001.0,12:36:08,48.8,58.0,35836.0,48.75,48.0,66120.0,48.7,126.0,77611.0,48.65,53.0,52311.0,48.6,137.0,102512.0,2959397.0,48.85,12.0,20678.0,48.9,45.0,65982.0,48.95,64.0,90984.0,49.0,92.0,86678.0,49.05,34.0,54447.0,5224962.0,49.33
10787.00,36672.56,0,18220001.0,12:36:08,48.8,58.0,35836.0,48.75,48.0,66120.0,48.7,126.0,77611.0,48.65,53.0,52311.0,48.6,137.0,102512.0,2959497.0,48.85,12.0,20678.0,48.9,45.0,65982.0,48.95,64.0,90984.0,49.0,92.0,86678.0,49.05,34.0,54447.0,5224962.0,49.33
10787.70,36673.39,0,18220201.0,12:36:12,48.8,54.0,25935.0,48.75,57.0,78218.0,48.7,128.0,79691.0,48.65,53.0,52311.0,48.6,137.0,102512.0,2971481.0,48.85,16.0,28407.0,48.9,53.0,91053.0,48.95,55.0,57672.0,49.0,92.0,86678.0,49.05,34.0,54447.0,5220860.0,49.33
10786.85,36670.37,0,18220201.0,12:36:12,48.8,55.0,26191.0,48.75,56.0,77962.0,48.7,129.0,79692.0,48.65,53.0,52311.0,48.6,137.0,102512.0,2971687.0,48.85,16.0,28407.0,48.9,53.0,91053.0,48.95,55.0,57672.0,49.0,92.0,86678.0,49.05,34.0,54447.0,5221360.0,49.33
10787.10,36671.98,0,18220201.0,12:36:12,48.8,60.0,35923.0,48.75,55.0,77926.0,48.7,129.0,79692.0,48.65,53.0,52311.0,48.6,137.0,102512.0,2973676.0,48.85,7.0,14403.0,48.9,46.0,66032.0,48.95,57.0,81572.0,49.0,92.0,86678.0,49.05,34.0,54447.0,5219825.0,49.33
10787.10,36671.98,0,18220201.0,12:36:12,48.8,60.0,35923.0,48.75,55.0,77926.0,48.7,129.0,79692.0,48.65,53.0,52311.0,48.6,137.0,102512.0,2973676.0,48.85,7.0,14403.0,48.9,49.0,67783.0,48.95,63.0,90484.0,49.0,92.0,86678.0,49.05,34.0,54447.0,5230488.0,49.33
10787.80,36672.22,0,18220201.0,12:36:12,48.8,60.0,35923.0,48.75,55.0,77926.0,48.7,129.0,79692.0,48.65,53.0,52311.0,48.6,137.0,102542.0,2973706.0,48.85,7.0,14403.0,48.9,50.0,69783.0,48.95,63.0,90484.0,49.0,92.0,86678.0,49.05,34.0,54447.0,5232488.0,49.33
10786.90,36672.22,0,18220500.0,12:36:18,48.8,55.0,35332.0,48.75,57.0,78218.0,48.7,129.0,79692.0,48.65,53.0,52311.0,48.6,138.0,102543.0,2973408.0,48.85,9.0,17088.0,48.9,50.0,69783.0,48.95,63.0,90484.0,49.0,92.0,86678.0,49.05,34.0,54447.0,5235173.0,49.33
10787.05,36674.45,0,18220500.0,12:36:18,48.8,55.0,35332.0,48.75,57.0,78218.0,48.7,129.0,79692.0,48.65,53.0,52311.0,48.6,138.0,102543.0,2973408.0,48.85,9.0,17088.0,48.9,50.0,69783.0,48.95,63.0,90484.0,49.0,92.0,86678.0,49.05,34.0,54447.0,5233973.0,49.33
10786.50,36673.84,0,18220500.0,12:36:18,48.8,54.0,35128.0,48.75,57.0,78218.0,48.7,129.0,79692.0,48.65,53.0,52311.0,48.6,138.0,102543.0,2973204.0,48.85,13.0,21492.0,48.9,50.0,69783.0,48.95,63.0,90484.0,49.0,92.0,86678.0,49.05,34.0,54447.0,5238452.0,49.33
10786.20,36673.26,0,18220700.0,12:36:22,48.8,54.0,35128.0,48.75,57.0,78218.0,48.7,129.0,79692.0,48.65,53.0,52311.0,48.6,138.0,102543.0,2973204.0,48.85,13.0,21292.0,48.9,50.0,69783.0,48.95,63.0,90484.0,49.0,92.0,86678.0,49.05,34.0,54447.0,5238252.0,49.33
10786.15,36672.36,0,18230950.0,12:36:23,48.8,29.0,22728.0,48.75,57.0,78218.0,48.7,129.0,79692.0,48.65,53.0,52311.0,48.6,138.0,102543.0,2960804.0,48.85,17.0,25417.0,48.9,50.0,69783.0,48.95,63.0,90484.0,49.0,92.0,86678.0,49.05,34.0,54447.0,5242077.0,49.33
10786.50,36672.16,0,18230950.0,12:36:23,48.8,25.0,14783.0,48.75,57.0,78218.0,48.7,129.0,79692.0,48.65,53.0,52311.0,48.6,139.0,102623.0,2960646.0,48.85,22.0,31919.0,48.9,56.0,102168.0,48.95,54.0,56972.0,49.0,93.0,90678.0,49.05,34.0,54447.0,5252531.0,49.33
10786.25,36671.25,0,18230951.0,12:36:25,48.8,26.0,15782.0,48.75,57.0,78218.0,48.7,129.0,79692.0,48.65,54.0,52336.0,48.6,139.0,102623.0,2960670.0,48.85,22.0,31919.0,48.9,56.0,102168.0,48.95,54.0,56972.0,49.0,93.0,90678.0,49.05,34.0,54447.0,5252532.0,49.33
10786.50,36673.63,0,18231951.0,12:36:27,48.8,26.0,15782.0,48.75,58.0,78468.0,48.7,129.0,79692.0,48.65,54.0,52336.0,48.6,140.0,102663.0,2960960.0,48.85,22.0,30919.0,48.9,56.0,102168.0,48.95,54.0,56972.0,49.0,93.0,90678.0,49.05,34.0,54447.0,5251533.0,49.33
10786.50,36673.63,0,18231951.0,12:36:27,48.8,30.0,19749.0,48.75,58.0,80212.0,48.7,129.0,79692.0,48.65,54.0,52336.0,48.6,140.0,102663.0,2966851.0,48.85,21.0,30169.0,48.9,56.0,94718.0,48.95,54.0,56972.0,49.0,93.0,90678.0,49.05,34.0,54447.0,5243383.0,49.33
10786.75,36672.80,0,18231951.0,12:36:27,48.8,29.0,19493.0,48.75,59.0,80468.0,48.7,129.0,79692.0,48.65,54.0,52336.0,48.6,140.0,102663.0,2966851.0,48.85,21.0,30169.0,48.9,56.0,94718.0,48.95,54.0,56972.0,49.0,93.0,90678.0,49.05,34.0,54447.0,5243383.0,49.33
10786.90,36674.30,0,18231951.0,12:36:27,48.8,29.0,19493.0,48.75,59.0,80468.0,48.7,129.0,79692.0,48.65,54.0,52336.0,48.6,140.0,102663.0,2966851.0,48.85,21.0,30169.0,48.9,56.0,94718.0,48.95,54.0,56972.0,49.0,93.0,90678.0,49.05,34.0,54447.0,5243383.0,49.33
10787.30,36674.79,0,18231951.0,12:36:27,48.8,30.0,19749.0,48.75,58.0,80212.0,48.7,129.0,79692.0,48.65,54.0,52336.0,48.6,140.0,102663.0,2965861.0,48.85,21.0,30169.0,48.9,56.0,94718.0,48.95,54.0,56972.0,49.0,93.0,90678.0,49.05,34.0,54447.0,5243383.0,49.33
10787.75,36675.15,0,18231951.0,12:36:27,48.8,29.0,19019.0,48.75,58.0,80212.0,48.7,129.0,79692.0,48.65,54.0,52336.0,48.6,140.0,102663.0,2965131.0,48.85,21.0,30169.0,48.9,55.0,94668.0,48.95,54.0,56972.0,49.0,93.0,90678.0,49.05,34.0,54447.0,5243333.0,49.33
10788.35,36675.01,0,18231951.0,12:36:27,48.8,31.0,23019.0,48.75,58.0,80212.0,48.7,129.0,79692.0,48.65,54.0,52336.0,48.6,140.0,102663.0,2970131.0,48.85,21.0,30169.0,48.9,55.0,94668.0,48.95,54.0,56972.0,49.0,93.0,90678.0,49.05,34.0,54447.0,5243333.0,49.33
10788.40,36676.20,0,18231951.0,12:36:27,48.8,32.0,23069.0,48.75,58.0,80212.0,48.7,129.0,79692.0,48.65,54.0,52336.0,48.6,140.0,102663.0,2970191.0,48.85,21.0,30169.0,48.9,55.0,94668.0,48.95,54.0,56972.0,49.0,94.0,100678.0,49.05,34.0,54447.0,5253333.0,49.33
10788.20,36677.07,0,18233051.0,12:36:36,48.8,31.0,21969.0,48.75,58.0,80212.0,48.7,129.0,79692.0,48.65,54.0,52336.0,48.6,140.0,102663.0,2969091.0,48.85,21.0,30169.0,48.9,55.0,94668.0,48.95,54.0,56972.0,49.0,94.0,100678.0,49.05,34.0,54447.0,5253333.0,49.33
10788.30,36680.28,0,18233061.0,12:36:37,48.8,32.0,21994.0,48.75,58.0,80212.0,48.7,129.0,79692.0,48.65,54.0,52336.0,48.6,140.0,102663.0,2969116.0,48.85,21.0,30159.0,48.9,55.0,94668.0,48.95,54.0,56972.0,49.0,94.0,100678.0,49.05,34.0,54447.0,5253323.0,49.33
10788.90,36680.39,0,18233061.0,12:36:37,48.8,32.0,21994.0,48.75,58.0,80212.0,48.7,129.0,79692.0,48.65,54.0,52336.0,48.6,140.0,102663.0,2969116.0,48.85,21.0,30159.0,48.9,55.0,94668.0,48.95,54.0,56972.0,49.0,94.0,100678.0,49.05,34.0,54447.0,5253323.0,49.33
10788.75,36680.46,0,18233063.0,12:36:38,48.8,32.0,21994.0,48.75,59.0,80712.0,48.7,129.0,79692.0,48.65,54.0,52336.0,48.6,140.0,102663.0,2969616.0,48.85,21.0,30157.0,48.9,55.0,94668.0,48.95,54.0,56972.0,49.0,95.0,100778.0,49.05,34.0,54447.0,5253571.0,49.33
10787.80,36679.04,0,18233063.0,12:36:38,48.8,32.0,21994.0,48.75,59.0,80712.0,48.7,129.0,79692.0,48.65,54.0,52336.0,48.6,140.0,102663.0,2969616.0,48.85,22.0,30907.0,48.9,55.0,102118.0,48.95,54.0,56972.0,49.0,95.0,100778.0,49.05,34.0,54447.0,5261771.0,49.33
10788.60,36679.14,0,18233063.0,12:36:38,48.8,32.0,21994.0,48.75,59.0,80712.0,48.7,129.0,79692.0,48.65,54.0,52336.0,48.6,140.0,102663.0,2969616.0,48.85,22.0,30907.0,48.9,55.0,102118.0,48.95,54.0,56972.0,49.0,95.0,100778.0,49.05,34.0,54447.0,5261771.0,49.33
10788.45,36680.11,0,18234336.0,12:36:43,48.8,32.0,21994.0,48.75,60.0,81712.0,48.7,128.0,75692.0,48.65,55.0,56336.0,48.6,140.0,102663.0,2970617.0,48.85,21.0,29484.0,48.9,56.0,102868.0,48.95,54.0,56972.0,49.0,95.0,100778.0,49.05,34.0,54447.0,5261098.0,49.33
10788.75,36679.89,0,18234336.0,12:36:43,48.8,32.0,21994.0,48.75,60.0,81712.0,48.7,128.0,75692.0,48.65,55.0,56336.0,48.6,140.0,102663.0,2970617.0,48.85,21.0,29513.0,48.9,56.0,102868.0,48.95,54.0,56972.0,49.0,95.0,100778.0,49.05,34.0,54447.0,5261127.0,49.33
10788.55,36680.35,0,18234338.0,12:36:45,48.8,32.0,21992.0,48.75,60.0,81712.0,48.7,128.0,75692.0,48.65,55.0,56336.0,48.6,140.0,102663.0,2970741.0,48.85,21.0,29513.0,48.9,56.0,102868.0,48.95,54.0,56972.0,49.0,95.0,100778.0,49.05,34.0,54447.0,5261177.0,49.33
10788.70,36681.41,0,18234521.0,12:36:47,48.8,32.0,23757.0,48.75,60.0,81712.0,48.7,128.0,75692.0,48.65,55.0,56336.0,48.6,140.0,102663.0,2972506.0,48.85,22.0,29331.0,48.9,56.0,102868.0,48.95,54.0,56972.0,49.0,95.0,100778.0,49.05,34.0,54447.0,5260995.0,49.33
10789.10,36681.01,0,18235521.0,12:36:47,48.8,33.0,24166.0,48.75,60.0,81712.0,48.7,128.0,75692.0,48.65,55.0,56336.0,48.6,140.0,102663.0,2973015.0,48.85,20.0,28740.0,48.9,56.0,102868.0,48.95,54.0,56972.0,49.0,95.0,100778.0,49.05,34.0,54447.0,5260404.0,49.33
10789.30,36680.84,0,18235521.0,12:36:47,48.8,34.0,24186.0,48.75,60.0,81712.0,48.7,128.0,75692.0,48.65,55.0,56336.0,48.6,140.0,102663.0,2973103.0,48.85,20.0,28740.0,48.9,57.0,102873.0,48.95,54.0,56972.0,49.0,95.0,100778.0,49.05,34.0,54447.0,5260409.0,49.33
10789.15,36680.65,0,18235522.0,12:36:50,48.8,35.0,25086.0,48.75,60.0,81712.0,48.7,128.0,75692.0,48.65,55.0,56336.0,48.6,140.0,102663.0,2974028.0,48.85,20.0,28739.0,48.9,57.0,102873.0,48.95,53.0,56962.0,49.0,95.0,100778.0,49.05,34.0,54447.0,5260404.0,49.33
10789.15,36680.65,0,18235522.0,12:36:50,48.8,35.0,25086.0,48.75,60.0,81712.0,48.7,128.0,75692.0,48.65,55.0,56336.0,48.6,140.0,102663.0,2974028.0,48.85,20.0,28739.0,48.9,57.0,102873.0,48.95,53.0,56962.0,49.0,95.0,100778.0,49.05,34.0,54447.0,5260404.0,49.33
10789.15,36681.86,0,18235727.0,12:36:52,48.8,35.0,25116.0,48.75,60.0,81712.0,48.7,128.0,75692.0,48.65,56.0,56537.0,48.6,140.0,102663.0,2974264.0,48.85,20.0,28534.0,48.9,57.0,102873.0,48.95,53.0,56962.0,49.0,95.0,100778.0,49.05,34.0,54447.0,5260599.0,49.33
10788.60,36679.86,0,18235727.0,12:36:52,48.8,35.0,25116.0,48.75,60.0,81712.0,48.7,128.0,75692.0,48.65,56.0,56537.0,48.6,140.0,102663.0,2974464.0,48.85,20.0,28534.0,48.9,57.0,102873.0,48.95,53.0,56962.0,49.0,95.0,100778.0,49.05,34.0,54447.0,5260599.0,49.33
10789.00,36680.21,0,18235727.0,12:36:52,48.8,36.0,25125.0,48.75,60.0,81712.0,48.7,128.0,75692.0,48.65,56.0,56537.0,48.6,140.0,102663.0,2978974.0,48.85,21.0,28554.0,48.9,57.0,102873.0,48.95,53.0,56962.0,49.0,95.0,100778.0,49.05,34.0,54447.0,5261119.0,49.33
10788.70,36678.38,0,18235727.0,12:36:52,48.8,36.0,25125.0,48.75,60.0,81712.0,48.7,128.0,75692.0,48.65,56.0,56537.0,48.6,140.0,102663.0,2978974.0,48.85,21.0,28554.0,48.9,57.0,102873.0,48.95,53.0,56962.0,49.0,95.0,100778.0,49.05,34.0,54447.0,5261119.0,49.33
10789.05,36677.39,0,18235809.0,12:36:58,48.8,36.0,25125.0,48.75,60.0,81712.0,48.7,129.0,75822.0,48.65,56.0,56537.0,48.6,140.0,102663.0,2979214.0,48.85,21.0,28472.0,48.9,58.0,103373.0,48.95,53.0,56962.0,49.0,95.0,100778.0,49.05,34.0,54447.0,5261537.0,49.33
10789.05,36677.39,0,18235809.0,12:36:58,48.8,36.0,25125.0,48.75,60.0,81712.0,48.7,129.0,75822.0,48.65,56.0,56537.0,48.6,140.0,102663.0,2979214.0,48.85,21.0,28472.0,48.9,58.0,103373.0,48.95,53.0,56962.0,49.0,95.0,100778.0,49.05,34.0,54447.0,5261537.0,49.33
10789.40,36679.17,0,18235890.0,12:36:59,48.8,44.0,36446.0,48.75,59.0,81676.0,48.7,129.0,75822.0,48.65,56.0,56537.0,48.6,140.0,102663.0,2982792.0,48.85,10.0,13615.0,48.9,49.0,68988.0,48.95,64.0,91724.0,49.0,95.0,100778.0,49.05,34.0,54447.0,5248647.0,49.33
10788.75,36680.10,0,18236220.0,12:37:01,48.8,43.0,36116.0,48.75,59.0,81676.0,48.7,129.0,75822.0,48.65,56.0,56537.0,48.6,139.0,102413.0,2982217.0,48.85,10.0,13615.0,48.9,49.0,68988.0,48.95,64.0,91724.0,49.0,95.0,100778.0,49.05,34.0,54447.0,5248647.0,49.33
10788.85,36679.18,0,18236220.0,12:37:01,48.8,44.0,36616.0,48.75,59.0,81676.0,48.7,129.0,75822.0,48.65,56.0,56537.0,48.6,138.0,101913.0,2982217.0,48.85,11.0,13819.0,48.9,49.0,68988.0,48.95,64.0,91724.0,49.0,95.0,100778.0,49.05,34.0,54447.0,5248851.0,49.33
10788.95,36678.76,0,18236220.0,12:37:01,48.8,44.0,36616.0,48.75,59.0,81676.0,48.7,129.0,75822.0,48.65,56.0,56537.0,48.6,139.0,102068.0,2982472.0,48.85,11.0,13819.0,48.9,49.0,68988.0,48.95,64.0,91724.0,49.0,95.0,100778.0,49.05,34.0,54447.0,5248851.0,49.33
10789.35,36678.77,0,18236220.0,12:37:01,48.8,44.0,36616.0,48.75,59.0,81676.0,48.7,129.0,75822.0,48.65,56.0,56537.0,48.6,139.0,102068.0,2982482.0,48.85,10.0,13818.0,48.9,49.0,68988.0,48.95,64.0,91724.0,49.0,95.0,100778.0,49.05,34.0,54447.0,5248850.0,49.33
10788.70,36678.70,0,18236221.0,12:37:05,48.8,44.0,36745.0,48.75,60.0,81712.0,48.7,129.0,75822.0,48.65,56.0,56537.0,48.6,139.0,102068.0,2982647.0,48.85,12.0,16618.0,48.9,49.0,68988.0,48.95,64.0,91724.0,49.0,95.0,100778.0,49.05,34.0,54447.0,5251650.0,49.33
10789.00,36678.73,0,18236821.0,12:37:06,48.8,44.0,36745.0,48.75,60.0,81712.0,48.7,129.0,75822.0,48.65,56.0,56537.0,48.6,140.0,102093.0,2982672.0,48.85,12.0,16018.0,48.9,49.0,68988.0,48.95,64.0,91724.0,49.0,95.0,100778.0,49.05,34.0,54447.0,5251050.0,49.33
10789.40,36679.65,0,18236821.0,12:37:06,48.8,44.0,36745.0,48.75,60.0,81712.0,48.7,129.0,75822.0,48.65,56.0,56537.0,48.6,140.0,102093.0,2982772.0,48.85,12.0,16018.0,48.9,49.0,68988.0,48.95,64.0,91724.0,49.0,95.0,100778.0,49.05,34.0,54447.0,5251050.0,49.33
10789.40,36679.65,0,18237166.0,12:37:08,48.8,38.0,24576.0,48.75,61.0,81968.0,48.7,129.0,75822.0,48.65,57.0,56637.0,48.6,140.0,102073.0,2978646.0,48.85,20.0,27842.0,48.9,58.0,103373.0,48.95,53.0,56962.0,49.0,95.0,100778.0,49.05,34.0,54447.0,5258907.0,49.33
10788.70,36679.65,0,18237166.0,12:37:08,48.8,35.0,20876.0,48.75,61.0,81968.0,48.7,129.0,75822.0,48.65,58.0,56649.0,48.6,140.0,102073.0,2974958.0,48.85,20.0,27842.0,48.9,58.0,103373.0,48.95,53.0,56962.0,49.0,95.0,100778.0,49.05,34.0,54447.0,5258907.0,49.33
10788.50,36676.22,0,18237166.0,12:37:08,48.8,36.0,21376.0,48.75,60.0,81468.0,48.7,129.0,75822.0,48.65,58.0,56649.0,48.6,140.0,102073.0,2974958.0,48.85,20.0,27842.0,48.9,58.0,103373.0,48.95,53.0,56962.0,49.0,95.0,100778.0,49.05,34.0,54447.0,5258957.0,49.33
10787.85,36678.13,0,18237166.0,12:37:08,48.8,33.0,17364.0,48.75,60.0,81468.0,48.7,129.0,75822.0,48.65,58.0,56649.0,48.6,140.0,102073.0,2970946.0,48.85,20.0,27842.0,48.9,58.0,103373.0,48.95,53.0,56962.0,49.0,95.0,100778.0,49.05,34.0,54447.0,5258957.0,49.33
10788.25,36677.03,0,18237166.0,12:37:08,48.8,33.0,17364.0,48.75,60.0,81468.0,48.7,129.0,75822.0,48.65,58.0,56649.0,48.6,140.0,102073.0,2970946.0,48.85,20.0,27842.0,48.9,58.0,103373.0,48.95,53.0,56962.0,49.0,95.0,100778.0,49.05,34.0,54447.0,5258957.0,49.33
10788.70,36676.77,0,18237166.0,12:37:08,48.8,33.0,17364.0,48.75,60.0,81468.0,48.7,129.0,75822.0,48.65,58.0,56649.0,48.6,140.0,102073.0,2970946.0,48.85,20.0,27842.0,48.9,58.0,103373.0,48.95,53.0,56962.0,49.0,95.0,100778.0,49.05,34.0,54447.0,5258957.0,49.33
10787.85,36676.37,0,18237166.0,12:37:08,48.8,33.0,17364.0,48.75,60.0,81468.0,48.7,129.0,75822.0,48.65,58.0,56649.0,48.6,140.0,102073.0,2970946.0,48.85,20.0,27842.0,48.9,58.0,103373.0,48.95,53.0,56962.0,49.0,95.0,100778.0,49.05,34.0,54447.0,5258957.0,49.33
10787.65,36676.61,0,18237166.0,12:37:08,48.8,33.0,17364.0,48.75,61.0,81968.0,48.7,129.0,75822.0,48.65,57.0,56149.0,48.6,140.0,102073.0,2970946.0,48.85,20.0,27842.0,48.9,58.0,103373.0,48.95,53.0,56962.0,49.0,95.0,100778.0,49.05,34.0,54447.0,5258957.0,49.33
10787.65,36676.61,0,18237166.0,12:37:08,48.8,33.0,17364.0,48.75,61.0,81968.0,48.7,129.0,75822.0,48.65,57.0,56149.0,48.6,140.0,102073.0,2970946.0,48.85,20.0,27842.0,48.9,58.0,103373.0,48.95,53.0,56962.0,49.0,95.0,100778.0,49.05,34.0,54447.0,5259457.0,49.33
10787.75,36676.97,0,18237166.0,12:37:08,48.8,33.0,17364.0,48.75,61.0,81968.0,48.7,130.0,79322.0,48.65,57.0,56149.0,48.6,140.0,102073.0,2970946.0,48.85,20.0,27842.0,48.9,58.0,103373.0,48.95,53.0,56962.0,49.0,95.0,100778.0,49.05,34.0,54447.0,5259457.0,49.33
10787.25,36673.97,0,18252620.0,12:37:21,48.75,43.0,40247.0,48.7,137.0,86475.0,48.65,59.0,58229.0,48.6,138.0,82395.0,48.55,88.0,98680.0,2930196.0,48.8,16.0,25548.0,48.85,27.0,55185.0,48.9,48.0,69381.0,48.95,54.0,57367.0,49.0,94.0,99083.0,5267964.0,49.33
10787.40,36674.32,0,18252632.0,12:37:22,48.75,44.0,40747.0,48.7,137.0,86475.0,48.65,59.0,58229.0,48.6,138.0,82395.0,48.55,88.0,98680.0,2930696.0,48.8,16.0,25536.0,48.85,27.0,55185.0,48.9,48.0,69381.0,48.95,54.0,57367.0,49.0,94.0,99083.0,5267952.0,49.33
10788.20,36676.53,0,18252652.0,12:37:23,48.75,52.0,52733.0,48.7,136.0,87214.0,48.65,59.0,57234.0,48.6,138.0,82395.0,48.55,88.0,98680.0,2936719.0,48.8,5.0,3769.0,48.85,22.0,39428.0,48.9,55.0,93413.0,48.95,56.0,66647.0,49.0,94.0,99083.0,5267330.0,49.33
10788.80,36674.74,0,18252652.0,12:37:23,48.75,52.0,52733.0,48.7,136.0,87214.0,48.65,59.0,57234.0,48.6,138.0,82395.0,48.55,88.0,98680.0,2936719.0,48.8,5.0,3769.0,48.85,22.0,39428.0,48.9,55.0,93413.0,48.95,56.0,66647.0,49.0,94.0,99083.0,5267330.0,49.33
10788.80,36674.74,0,18252680.0,12:37:26,48.75,52.0,52731.0,48.7,136.0,87214.0,48.65,59.0,57234.0,48.6,138.0,82395.0,48.55,88.0,98680.0,2936917.0,48.8,6.0,3999.0,48.85,21.0,39172.0,48.9,56.0,94493.0,48.95,54.0,57367.0,49.0,94.0,99083.0,5259104.0,49.33
10787.90,36674.90,0,18252688.0,12:37:27,48.75,52.0,52731.0,48.7,136.0,87214.0,48.65,59.0,57234.0,48.6,138.0,82395.0,48.55,88.0,98680.0,2936987.0,48.8,6.0,3991.0,48.85,21.0,39172.0,48.9,56.0,94493.0,48.95,54.0,57367.0,49.0,94.0,99083.0,5259396.0,49.33
10787.95,36676.48,0,18255381.0,12:37:28,48.75,49.0,52747.0,48.7,137.0,87470.0,48.65,59.0,57234.0,48.6,138.0,82395.0,48.55,88.0,98680.0,2937259.0,48.8,7.0,4966.0,48.85,21.0,39172.0,48.9,56.0,94493.0,48.95,54.0,57367.0,49.0,94.0,99083.0,5260371.0,49.33
10787.80,36677.90,0,18256392.0,12:37:29,48.75,49.0,52747.0,48.7,137.0,87470.0,48.65,59.0,57234.0,48.6,138.0,82395.0,48.55,88.0,98680.0,2937259.0,48.8,7.0,3955.0,48.85,21.0,39172.0,48.9,56.0,94493.0,48.95,54.0,57367.0,49.0,94.0,99083.0,5259360.0,49.33
10788.50,36679.41,0,18256429.0,12:37:31,48.75,50.0,52993.0,48.7,135.0,86214.0,48.65,60.0,58234.0,48.6,138.0,82395.0,48.55,88.0,98680.0,2937249.0,48.8,7.0,3928.0,48.85,21.0,39172.0,48.9,56.0,94493.0,48.95,54.0,57367.0,49.0,94.0,99083.0,5259333.0,49.33
10787.90,36680.30,0,18256429.0,12:37:31,48.75,50.0,52993.0,48.7,135.0,86214.0,48.65,60.0,58234.0,48.6,138.0,82395.0,48.55,88.0,98680.0,2937249.0,48.8,7.0,3928.0,48.85,21.0,39172.0,48.9,56.0,94493.0,48.95,54.0,57367.0,49.0,94.0,99083.0,5259333.0,49.33
10788.65,36680.71,0,18256438.0,12:37:32,48.75,50.0,52993.0,48.7,135.0,86214.0,48.65,60.0,58234.0,48.6,139.0,82445.0,48.55,88.0,98680.0,2937299.0,48.8,7.0,3919.0,48.85,21.0,39172.0,48.9,56.0,94493.0,48.95,54.0,57367.0,49.0,94.0,99083.0,5259424.0,49.33
10788.40,36680.12,0,18256462.0,12:37:34,48.75,50.0,52993.0,48.7,135.0,86214.0,48.65,60.0,58234.0,48.6,139.0,82445.0,48.55,88.0,98680.0,2937296.0,48.8,8.0,4304.0,48.85,21.0,39172.0,48.9,56.0,94493.0,48.95,54.0,57367.0,49.0,94.0,99083.0,5259809.0,49.33
10787.80,36679.71,0,18256466.0,12:37:34,48.75,50.0,52993.0,48.7,135.0,86214.0,48.65,60.0,58234.0,48.6,139.0,82445.0,48.55,88.0,98680.0,2937296.0,48.8,8.0,4300.0,48.85,21.0,39172.0,48.9,56.0,94493.0,48.95,54.0,57367.0,49.0,94.0,99083.0,5259805.0,49.33
10787.80,36681.21,0,18256487.0,12:37:36,48.75,50.0,52991.0,48.7,135.0,86214.0,48.65,60.0,58234.0,48.6,139.0,82445.0,48.55,88.0,98680.0,2937344.0,48.8,8.0,4281.0,48.85,21.0,39172.0,48.9,56.0,94493.0,48.95,54.0,57367.0,49.0,94.0,99083.0,5259786.0,49.33
10787.15,36676.15,0,18257634.0,12:37:37,48.75,41.0,22533.0,48.7,138.0,103480.0,48.65,60.0,58234.0,48.6,138.0,82290.0,48.55,87.0,94680.0,2931704.0,48.8,16.0,27018.0,48.85,31.0,73593.0,48.9,46.0,62441.0,48.95,55.0,72718.0,49.0,94.0,99083.0,5296653.0,49.33
10786.35,36674.77,0,18257701.0,12:37:38,48.75,42.0,22534.0,48.7,138.0,103480.0,48.65,60.0,58234.0,48.6,138.0,82290.0,48.55,87.0,94680.0,2931705.0,48.8,15.0,26956.0,48.85,31.0,73593.0,48.9,46.0,62441.0,48.95,55.0,72718.0,49.0,94.0,99083.0,5296591.0,49.33
10786.30,36675.17,0,18258205.0,12:37:39,48.75,44.0,24011.0,48.7,138.0,103234.0,48.65,60.0,58234.0,48.6,138.0,82290.0,48.55,87.0,94680.0,2932936.0,48.8,15.0,26452.0,48.85,32.0,73683.0,48.9,45.0,62351.0,48.95,55.0,72718.0,49.0,94.0,99083.0,5296087.0,49.33
10786.30,36674.15,0,18258246.0,12:37:41,48.75,44.0,24011.0,48.7,138.0,103234.0,48.65,60.0,58234.0,48.6,138.0,82290.0,48.55,87.0,94680.0,2932736.0,48.8,15.0,26411.0,48.85,33.0,73684.0,48.9,45.0,62351.0,48.95,55.0,72718.0,49.0,94.0,99083.0,5296047.0,49.33
10786.00,36674.15,0,18258255.0,12:37:41,48.75,44.0,24011.0,48.7,138.0,103234.0,48.65,60.0,58234.0,48.6,138.0,82290.0,48.55,87.0,94680.0,2932736.0,48.8,14.0,26146.0,48.85,34.0,73940.0,48.9,45.0,62351.0,48.95,55.0,72718.0,49.0,94.0,99083.0,5296038.0,49.33
10786.00,36674.44,0,18259300.0,12:37:43,48.75,44.0,23011.0,48.7,138.0,103234.0,48.65,60.0,58234.0,48.6,138.0,82290.0,48.55,87.0,94680.0,2931736.0,48.8,14.0,26101.0,48.85,34.0,73940.0,48.9,45.0,62351.0,48.95,55.0,72718.0,49.0,94.0,99083.0,5297644.0,49.33
10786.30,36673.10,0,18259300.0,12:37:43,48.75,44.0,23011.0,48.7,138.0,103234.0,48.65,60.0,58234.0,48.6,138.0,82290.0,48.55,87.0,94680.0,2931736.0,48.8,14.0,26101.0,48.85,34.0,73940.0,48.9,45.0,62351.0,48.95,55.0,72718.0,49.0,94.0,99083.0,5297644.0,49.33
10785.90,36667.56,0,18259725.0,12:37:45,48.75,45.0,24796.0,48.7,138.0,103234.0,48.65,60.0,58234.0,48.6,138.0,82290.0,48.55,87.0,94680.0,2934622.0,48.8,14.0,25676.0,48.85,33.0,72860.0,48.9,47.0,78880.0,48.95,55.0,72718.0,49.0,95.0,100083.0,5313668.0,49.33
10785.25,36666.35,0,18259744.0,12:37:46,48.75,45.0,24796.0,48.7,138.0,103234.0,48.65,60.0,58234.0,48.6,138.0,82290.0,48.55,87.0,94680.0,2934622.0,48.8,15.0,25907.0,48.85,33.0,72860.0,48.9,47.0,78880.0,48.95,55.0,72718.0,49.0,95.0,100083.0,5313899.0,49.33
10785.25,36666.35,0,18260624.0,12:37:47,48.75,42.0,21825.0,48.7,139.0,103270.0,48.65,60.0,58234.0,48.6,138.0,82290.0,48.55,86.0,93680.0,2930887.0,48.8,14.0,25277.0,48.85,33.0,72860.0,48.9,48.0,78881.0,48.95,55.0,72718.0,49.0,95.0,100083.0,5313270.0,49.33
10784.80,36664.46,0,18260624.0,12:37:47,48.75,42.0,21825.0,48.7,139.0,103270.0,48.65,60.0,58234.0,48.6,138.0,82290.0,48.55,86.0,93680.0,2930887.0,48.8,14.0,25277.0,48.85,33.0,72860.0,48.9,48.0,78881.0,48.95,55.0,72718.0,49.0,95.0,100083.0,5313270.0,49.33
10784.55,36664.00,0,18265433.0,12:37:50,48.75,45.0,24816.0,48.7,139.0,104234.0,48.65,59.0,57234.0,48.6,138.0,82290.0,48.55,86.0,93680.0,2933842.0,48.8,11.0,20943.0,48.85,34.0,73060.0,48.9,48.0,78881.0,48.95,55.0,72718.0,49.0,95.0,100083.0,5309236.0,49.33
10784.40,36666.29,0,18265447.0,12:37:51,48.75,45.0,24814.0,48.7,139.0,104234.0,48.65,59.0,57234.0,48.6,138.0,82290.0,48.55,86.0,93680.0,2933840.0,48.8,12.0,21187.0,48.85,33.0,72804.0,48.9,48.0,78881.0,48.95,55.0,72718.0,49.0,95.0,100083.0,5309224.0,49.33
10784.60,36668.46,0,18265716.0,12:37:53,48.75,44.0,24844.0,48.7,139.0,104234.0,48.65,59.0,57234.0,48.6,139.0,82294.0,48.55,86.0,93680.0,2933874.0,48.8,13.0,24534.0,48.85,34.0,73060.0,48.9,48.0,78881.0,48.95,56.0,72719.0,49.0,95.0,100083.0,5312834.0,49.33
10784.65,36669.35,0,18265724.0,12:37:53,48.75,44.0,24844.0,48.7,139.0,104234.0,48.65,59.0,57234.0,48.6,139.0,82294.0,48.55,86.0,93680.0,2933874.0,48.8,13.0,24526.0,48.85,34.0,73060.0,48.9,48.0,78881.0,48.95,56.0,72719.0,49.0,95.0,100083.0,5312826.0,49.33
10785.35,36665.35,0,18266245.0,12:37:54,48.75,42.0,22973.0,48.7,141.0,104520.0,48.65,59.0,57234.0,48.6,139.0,82294.0,48.55,86.0,93680.0,2932289.0,48.8,14.0,26200.0,48.85,34.0,73060.0,48.9,48.0,78881.0,48.95,56.0,72719.0,49.0,95.0,100083.0,5314500.0,49.33
10785.15,36665.08,0,18266359.0,12:37:56,48.75,50.0,35505.0,48.7,139.0,103984.0,48.65,59.0,57234.0,48.6,139.0,82294.0,48.55,86.0,93680.0,2936578.0,48.8,5.0,11828.0,48.85,24.0,39119.0,48.9,57.0,111483.0,48.95,57.0,73799.0,49.0,95.0,100083.0,5303459.0,49.33
10785.60,36666.50,0,18266376.0,12:37:57,48.75,50.0,35505.0,48.7,139.0,103984.0,48.65,60.0,58234.0,48.6,139.0,82294.0,48.55,86.0,93680.0,2937578.0,48.8,5.0,11811.0,48.85,24.0,39119.0,48.9,57.0,111483.0,48.95,57.0,73799.0,49.0,95.0,100083.0,5303442.0,49.33
10786.20,36670.53,0,18266404.0,12:37:58,48.75,50.0,35210.0,48.7,140.0,104484.0,48.65,60.0,58234.0,48.6,139.0,82294.0,48.55,86.0,93680.0,2937883.0,48.8,5.0,11783.0,48.85,24.0,39119.0,48.9,57.0,111483.0,48.95,57.0,73799.0,49.0,95.0,100083.0,5303414.0,49.33
10787.10,36671.07,0,18266404.0,12:37:58,48.75,50.0,35210.0,48.7,140.0,104484.0,48.65,60.0,58234.0,48.6,139.0,82294.0,48.55,86.0,93680.0,2937883.0,48.8,5.0,11783.0,48.85,24.0,39119.0,48.9,57.0,111483.0,48.95,57.0,73799.0,49.0,95.0,100083.0,5303414.0,49.33
10786.15,36671.14,0,18266445.0,12:38:01,48.75,50.0,35210.0,48.7,139.0,104463.0,48.65,60.0,58234.0,48.6,139.0,82294.0,48.55,86.0,93680.0,2938112.0,48.8,5.0,11742.0,48.85,24.0,39119.0,48.9,58.0,112563.0,48.95,56.0,72719.0,49.0,95.0,100083.0,5303373.0,49.33
10785.55,36671.14,0,18266457.0,12:38:01,48.75,50.0,35210.0,48.7,139.0,104463.0,48.65,60.0,58234.0,48.6,139.0,82294.0,48.55,86.0,93680.0,2938112.0,48.8,5.0,11730.0,48.85,24.0,39119.0,48.9,58.0,112563.0,48.95,56.0,72719.0,49.0,95.0,100083.0,5303361.0,49.33
10785.70,36669.22,0,18266484.0,12:38:02,48.75,50.0,35210.0,48.7,138.0,103463.0,48.65,61.0,59234.0,48.6,139.0,82294.0,48.55,86.0,93680.0,2937612.0,48.8,7.0,12949.0,48.85,23.0,38863.0,48.9,58.0,112563.0,48.95,56.0,72719.0,49.0,95.0,100083.0,5304324.0,49.33
10786.10,36669.68,0,18266580.0,12:38:03,48.75,51.0,35220.0,48.7,138.0,103544.0,48.65,60.0,59143.0,48.6,139.0,82294.0,48.55,86.0,93680.0,2937612.0,48.8,7.0,12853.0,48.85,23.0,38863.0,48.9,58.0,112563.0,48.95,56.0,72719.0,49.0,95.0,100083.0,5304228.0,49.33
10785.40,36671.70,0,18267229.0,12:38:05,48.75,51.0,35218.0,48.7,138.0,103544.0,48.65,60.0,59143.0,48.6,140.0,83294.0,48.55,86.0,93680.0,2939610.0,48.8,10.0,12471.0,48.85,23.0,38863.0,48.9,57.0,97114.0,48.95,56.0,72719.0,49.0,95.0,100083.0,5288397.0,49.33
10785.35,36670.73,0,18267262.0,12:38:07,48.75,45.0,24735.0,48.7,140.0,103630.0,48.65,60.0,59143.0,48.6,140.0,83294.0,48.55,86.0,93680.0,2936920.0,48.8,16.0,23364.0,48.85,32.0,79611.0,48.9,49.0,79608.0,48.95,56.0,72719.0,49.0,95.0,100083.0,5318942.0,49.33
10785.25,36669.11,0,18267358.0,12:38:07,48.75,42.0,21678.0,48.7,139.0,103380.0,48.65,60.0,59143.0,48.6,140.0,83294.0,48.55,86.0,93680.0,2933863.0,48.8,16.0,23349.0,48.85,35.0,89261.0,48.9,47.0,78158.0,48.95,56.0,72719.0,49.0,95.0,100083.0,5327127.0,49.33
10785.20,36668.31,0,18269389.0,12:38:09,48.75,43.0,22899.0,48.7,139.0,103380.0,48.65,60.0,59143.0,48.6,140.0,83294.0,48.55,86.0,93680.0,2935084.0,48.8,15.0,21318.0,48.85,35.0,89261.0,48.9,47.0,78158.0,48.95,56.0,72719.0,49.0,95.0,100083.0,5325096.0,49.33
10783.35,36666.64,0,18269414.0,12:38:10,48.75,42.0,21399.0,48.7,139.0,103380.0,48.65,60.0,59143.0,48.6,140.0,83294.0,48.55,86.0,93680.0,2933584.0,48.8,17.0,23993.0,48.85,35.0,89261.0,48.9,47.0,78158.0,48.95,56.0,72719.0,49.0,95.0,100083.0,5327771.0,49.33
10783.20,36663.73,0,18269649.0,12:38:12,48.75,43.0,21483.0,48.7,139.0,103380.0,48.65,60.0,59143.0,48.6,140.0,83294.0,48.55,86.0,93680.0,2933668.0,48.8,17.0,23958.0,48.85,35.0,89261.0,48.9,47.0,78158.0,48.95,56.0,72719.0,49.0,96.0,100183.0,5327836.0,49.33
10783.40,36661.95,0,18269669.0,12:38:12,48.75,43.0,21483.0,48.7,139.0,103380.0,48.65,60.0,59143.0,48.6,140.0,83294.0,48.55,86.0,93680.0,2933668.0,48.8,17.0,23938.0,48.85,35.0,89261.0,48.9,47.0,78158.0,48.95,56.0,72719.0,49.0,96.0,100183.0,5327816.0,49.33
10783.00,36663.77,0,18277921.0,12:38:14,48.75,30.0,13283.0,48.7,140.0,105075.0,48.65,60.0,59143.0,48.6,140.0,83294.0,48.55,86.0,93680.0,2927163.0,48.8,17.0,25325.0,48.85,37.0,93817.0,48.9,46.0,73858.0,48.95,56.0,72719.0,49.0,96.0,100183.0,5329459.0,49.33
10783.70,36663.25,0,18277921.0,12:38:14,48.75,30.0,13283.0,48.7,140.0,105075.0,48.65,60.0,59143.0,48.6,140.0,83294.0,48.55,86.0,93680.0,2927163.0,48.8,17.0,25325.0,48.85,37.0,93817.0,48.9,46.0,73858.0,48.95,56.0,72719.0,49.0,96.0,100183.0,5329459.0,49.33
10783.25,36665.77,0,18278002.0,12:38:16,48.75,33.0,16260.0,48.7,141.0,106075.0,48.65,59.0,58143.0,48.6,139.0,81794.0,48.55,86.0,93680.0,2928640.0,48.8,18.0,25264.0,48.85,36.0,92737.0,48.9,47.0,74938.0,48.95,56.0,72719.0,49.0,96.0,100183.0,5329398.0,49.33
10785.15,36669.73,0,18286240.0,12:38:17,48.75,11.0,7075.0,48.7,141.0,106075.0,48.65,59.0,58143.0,48.6,139.0,81794.0,48.55,86.0,93680.0,2919455.0,48.8,18.0,23962.0,48.85,35.0,92701.0,48.9,47.0,74938.0,48.95,57.0,73169.0,49.0,96.0,100183.0,5328060.0,49.33
10785.15,36666.44,0,18287133.0,12:38:18,48.75,15.0,13939.0,48.7,141.0,106075.0,48.65,59.0,58143.0,48.6,139.0,81794.0,48.55,86.0,93680.0,2927344.0,48.8,17.0,23633.0,48.85,35.0,92481.0,48.9,48.0,75194.0,48.95,57.0,73169.0,49.0,96.0,100183.0,5327767.0,49.33
10785.35,36667.17,0,18287170.0,12:38:19,48.75,15.0,13939.0,48.7,141.0,106075.0,48.65,59.0,58143.0,48.6,139.0,81794.0,48.55,86.0,93680.0,2927349.0,48.8,17.0,23596.0,48.85,35.0,92481.0,48.9,48.0,75194.0,48.95,57.0,73169.0,49.0,97.0,101183.0,5328730.0,49.33
10785.05,36669.09,0,18288211.0,12:38:20,48.75,24.0,20548.0,48.7,139.0,105539.0,48.65,59.0,58143.0,48.6,139.0,81794.0,48.55,86.0,93680.0,2932422.0,48.8,16.0,19879.0,48.85,32.0,75204.0,48.9,50.0,76644.0,48.95,57.0,73169.0,49.0,97.0,101183.0,5309186.0,49.33
10785.25,36666.07,0,18296461.0,12:38:22,48.75,10.0,4912.0,48.7,140.0,105575.0,48.65,59.0,58143.0,48.6,139.0,81794.0,48.55,86.0,93680.0,2916822.0,48.8,19.0,24047.0,48.85,36.0,78436.0,48.9,47.0,74938.0,48.95,57.0,73169.0,49.0,97.0,101183.0,5314880.0,49.33
10784.50,36665.72,0,18296561.0,12:38:22,48.75,9.0,3912.0,48.7,141.0,110575.0,48.65,59.0,58143.0,48.6,139.0,81794.0,48.55,86.0,93680.0,2920772.0,48.8,19.0,23947.0,48.85,36.0,78436.0,48.9,47.0,74938.0,48.95,57.0,73169.0,49.0,96.0,101083.0,5314680.0,49.33
10785.20,36666.81,0,18300669.0,12:38:24,48.7,146.0,112800.0,48.65,58.0,53848.0,48.6,140.0,89994.0,48.55,85.0,85616.0,48.5,423.0,223929.0,2923980.0,48.75,2.0,4444.0,48.8,23.0,27648.0,48.85,35.0,94016.0,48.9,46.0,73858.0,48.95,58.0,81233.0,5336335.0,49.33
10783.80,36666.73,0,18300680.0,12:38:24,48.7,146.0,112800.0,48.65,58.0,53848.0,48.6,140.0,89994.0,48.55,85.0,85616.0,48.5,423.0,223929.0,2924296.0,48.75,2.0,4433.0,48.8,23.0,27648.0,48.85,35.0,94016.0,48.9,46.0,73858.0,48.95,58.0,81233.0,5336324.0,49.33
10781.95,36666.58,0,18302195.0,12:38:27,48.7,144.0,97255.0,48.65,58.0,53848.0,48.6,140.0,89994.0,48.55,85.0,85616.0,48.5,424.0,223936.0,2908908.0,48.75,2.0,3920.0,48.8,30.0,35296.0,48.85,29.0,86428.0,48.9,45.0,73798.0,48.95,58.0,81233.0,5335811.0,49.33
10782.70,36663.80,0,18302243.0,12:38:28,48.7,141.0,91773.0,48.65,61.0,59330.0,48.6,141.0,90094.0,48.55,85.0,85616.0,48.5,424.0,223936.0,2909008.0,48.75,2.0,3872.0,48.8,30.0,35296.0,48.85,29.0,86428.0,48.9,45.0,73798.0,48.95,58.0,81233.0,5335763.0,49.33
10782.70,36663.80,0,18302261.0,12:38:28,48.7,139.0,90173.0,48.65,63.0,60930.0,48.6,141.0,90094.0,48.55,85.0,85616.0,48.5,424.0,223936.0,2909008.0,48.75,2.0,3854.0,48.8,30.0,35296.0,48.85,29.0,86428.0,48.9,45.0,73798.0,48.95,58.0,81233.0,5335745.0,49.33
10782.75,36663.50,0,18302574.0,12:38:29,48.7,138.0,89903.0,48.65,63.0,60930.0,48.6,141.0,90094.0,48.55,85.0,85616.0,48.5,424.0,223936.0,2908738.0,48.75,2.0,3541.0,48.8,30.0,35296.0,48.85,29.0,86428.0,48.9,45.0,73798.0,48.95,58.0,81233.0,5335432.0,49.33
10782.45,36663.38,0,18302574.0,12:38:29,48.7,138.0,89903.0,48.65,63.0,60930.0,48.6,141.0,90094.0,48.55,85.0,85616.0,48.5,424.0,223936.0,2908738.0,48.75,2.0,3541.0,48.8,30.0,35296.0,48.85,29.0,86428.0,48.9,45.0,73798.0,48.95,58.0,81233.0,5335432.0,49.33
10782.65,36662.24,0,18303297.0,12:38:32,48.7,136.0,89902.0,48.65,63.0,60930.0,48.6,142.0,90539.0,48.55,85.0,85616.0,48.5,424.0,223936.0,2909482.0,48.75,2.0,2868.0,48.8,33.0,37297.0,48.85,28.0,85428.0,48.9,45.0,73798.0,48.95,58.0,81233.0,5335760.0,49.33
10781.95,36661.45,0,18303456.0,12:38:33,48.7,136.0,89902.0,48.65,63.0,60930.0,48.6,144.0,90644.0,48.55,85.0,85616.0,48.5,424.0,223936.0,2909687.0,48.75,2.0,2709.0,48.8,31.0,35847.0,48.85,29.0,78678.0,48.9,45.0,73798.0,48.95,58.0,81233.0,5327401.0,49.33
10781.95,36661.45,0,18303456.0,12:38:33,48.7,136.0,89902.0,48.65,63.0,60930.0,48.6,144.0,90644.0,48.55,85.0,85616.0,48.5,424.0,223936.0,2909687.0,48.75,2.0,2709.0,48.8,31.0,35847.0,48.85,29.0,78678.0,48.9,45.0,73798.0,48.95,58.0,81233.0,5327401.0,49.33
10782.10,36660.97,0,18303534.0,12:38:36,48.7,131.0,84386.0,48.65,56.0,50882.0,48.6,144.0,90644.0,48.55,85.0,85616.0,48.5,423.0,223836.0,2894023.0,48.75,9.0,10974.0,48.8,33.0,45998.0,48.85,27.0,76471.0,48.9,45.0,73798.0,48.95,58.0,81233.0,5344610.0,49.33
10782.20,36663.35,0,18303546.0,12:38:37,48.7,135.0,89146.0,48.65,63.0,60488.0,48.6,145.0,91724.0,48.55,85.0,85616.0,48.5,423.0,223836.0,2909473.0,48.75,9.0,10962.0,48.8,33.0,45998.0,48.85,27.0,76471.0,48.9,45.0,73798.0,48.95,58.0,81233.0,5343598.0,49.33
10782.20,36662.25,0,18348130.0,12:38:38,48.7,10.0,20054.0,48.65,59.0,43979.0,48.6,147.0,86281.0,48.55,84.0,81797.0,48.5,424.0,227655.0,2829960.0,48.75,27.0,41068.0,48.8,31.0,81862.0,48.85,23.0,46207.0,48.9,45.0,77117.0,48.95,57.0,79538.0,5365583.0,49.33
10781.95,36660.17,0,18348230.0,12:38:38,48.7,11.0,21554.0,48.65,63.0,47503.0,48.6,148.0,86707.0,48.55,85.0,82877.0,48.5,424.0,227655.0,2836990.0,48.75,27.0,40968.0,48.8,32.0,83131.0,48.85,23.0,46207.0,48.9,45.0,77117.0,48.95,57.0,79538.0,5366752.0,49.33
10782.35,36660.20,0,18348230.0,12:38:38,48.7,11.0,21554.0,48.65,63.0,47503.0,48.6,148.0,86707.0,48.55,85.0,82877.0,48.5,424.0,227655.0,2836990.0,48.75,27.0,40968.0,48.8,33.0,83281.0,48.85,22.0,46057.0,48.9,45.0,77117.0,48.95,57.0,79538.0,5366752.0,49.33
10781.90,36659.95,0,18356430.0,12:38:40,48.7,10.0,11854.0,48.65,63.0,47503.0,48.6,148.0,86707.0,48.55,85.0,82877.0,48.5,424.0,227655.0,2827290.0,48.75,27.0,40968.0,48.8,33.0,83281.0,48.85,22.0,46057.0,48.9,45.0,77117.0,48.95,57.0,79538.0,5366752.0,49.33
10781.90,36657.91,0,18356430.0,12:38:40,48.7,10.0,11854.0,48.65,63.0,47503.0,48.6,148.0,86707.0,48.55,85.0,82877.0,48.5,424.0,227655.0,2827790.0,48.75,22.0,33386.0,48.8,31.0,81201.0,48.85,22.0,46057.0,48.9,45.0,77117.0,48.95,57.0,79538.0,5357090.0,49.33
10781.90,36657.91,0,18356830.0,12:38:43,48.7,11.0,11464.0,48.65,63.0,47503.0,48.6,147.0,86697.0,48.55,85.0,82877.0,48.5,424.0,227655.0,2827390.0,48.75,27.0,40968.0,48.8,33.0,83281.0,48.85,22.0,46057.0,48.9,45.0,77117.0,48.95,57.0,79538.0,5366752.0,49.33
10782.10,36660.59,0,18356830.0,12:38:43,48.7,11.0,11464.0,48.65,63.0,47503.0,48.6,147.0,86697.0,48.55,85.0,82877.0,48.5,424.0,227655.0,2827390.0,48.75,27.0,40968.0,48.8,33.0,83281.0,48.85,22.0,46057.0,48.9,45.0,77117.0,48.95,57.0,79538.0,5366752.0,49.33
10781.45,36660.68,0,18366732.0,12:38:46,48.7,4.0,1262.0,48.65,64.0,48603.0,48.6,147.0,86677.0,48.55,84.0,81797.0,48.5,424.0,227655.0,2817288.0,48.75,27.0,40968.0,48.8,34.0,90181.0,48.85,22.0,46057.0,48.9,45.0,70218.0,48.95,57.0,79538.0,5359723.0,49.33
10781.40,36659.46,0,18366736.0,12:38:47,48.7,5.0,1263.0,48.65,64.0,48603.0,48.6,147.0,86677.0,48.55,84.0,81797.0,48.5,424.0,227655.0,2817349.0,48.75,27.0,40968.0,48.8,34.0,90181.0,48.85,22.0,46057.0,48.9,45.0,70218.0,48.95,56.0,79218.0,5359403.0,49.33
10781.20,36659.01,0,18376211.0,12:38:48,48.65,69.0,52493.0,48.6,140.0,77759.0,48.55,86.0,83247.0,48.5,425.0,228196.0,48.45,32.0,50604.0,2822692.0,48.7,8.0,12651.0,48.75,27.0,40299.0,48.8,31.0,89354.0,48.85,23.0,46462.0,48.9,45.0,70218.0,5366463.0,49.33
10781.20,36659.01,0,18376255.0,12:38:49,48.65,71.0,53081.0,48.6,140.0,77759.0,48.55,86.0,83247.0,48.5,425.0,228196.0,48.45,32.0,50604.0,2823280.0,48.7,7.0,11946.0,48.75,28.0,40301.0,48.8,30.0,80397.0,48.85,23.0,46462.0,48.9,45.0,70218.0,5356803.0,49.33
10781.00,36660.60,0,18376500.0,12:38:50,48.65,69.0,51491.0,48.6,142.0,79359.0,48.55,86.0,83247.0,48.5,425.0,228196.0,48.45,32.0,50604.0,2823290.0,48.7,6.0,10480.0,48.75,29.0,40302.0,48.8,30.0,80397.0,48.85,23.0,46462.0,48.9,45.0,70218.0,5355338.0,49.33
10781.10,36659.65,0,18376540.0,12:38:51,48.65,69.0,51491.0,48.6,145.0,81129.0,48.55,85.0,89997.0,48.5,424.0,219996.0,48.45,32.0,50604.0,2823610.0,48.7,5.0,9416.0,48.75,30.0,41326.0,48.8,30.0,80397.0,48.85,23.0,46462.0,48.9,46.0,70618.0,5354799.0,49.33
10780.35,36658.27,0,18376595.0,12:38:53,48.65,69.0,51491.0,48.6,145.0,81129.0,48.55,85.0,89997.0,48.5,425.0,220005.0,48.45,32.0,50604.0,2823690.0,48.7,9.0,14306.0,48.75,29.0,40302.0,48.8,30.0,80397.0,48.85,23.0,46462.0,48.9,46.0,70618.0,5355965.0,49.33
10780.70,36659.80,0,18376668.0,12:38:55,48.65,69.0,51491.0,48.6,145.0,81129.0,48.55,86.0,90637.0,48.5,425.0,220005.0,48.45,32.0,50604.0,2824550.0,48.7,9.0,13809.0,48.75,31.0,42326.0,48.8,28.0,78797.0,48.85,23.0,46462.0,48.9,46.0,70618.0,5359392.0,49.33
10780.95,36660.74,0,18376756.0,12:38:56,48.65,69.0,51491.0,48.6,145.0,81129.0,48.55,86.0,90637.0,48.5,425.0,220005.0,48.45,32.0,50604.0,2824550.0,48.7,8.0,12500.0,48.75,31.0,42326.0,48.8,29.0,78798.0,48.85,23.0,46462.0,48.9,46.0,70618.0,5358234.0,49.33
10780.95,36660.74,0,18377093.0,12:38:57,48.65,68.0,51191.0,48.6,145.0,81129.0,48.55,86.0,90637.0,48.5,425.0,220005.0,48.45,36.0,55704.0,2829350.0,48.7,10.0,14025.0,48.75,30.0,41985.0,48.8,29.0,78798.0,48.85,24.0,49286.0,48.9,46.0,70618.0,5362242.0,49.33
10780.85,36661.10,0,18378511.0,12:38:58,48.65,68.0,51291.0,48.6,145.0,81129.0,48.55,86.0,90637.0,48.5,426.0,221285.0,48.45,36.0,55704.0,2830730.0,48.7,12.0,16726.0,48.75,29.0,40961.0,48.8,29.0,78798.0,48.85,24.0,49286.0,48.9,45.0,68923.0,5361224.0,49.33
10780.85,36660.14,0,18378605.0,12:38:59,48.65,68.0,51291.0,48.6,145.0,81129.0,48.55,87.0,90837.0,48.5,426.0,221285.0,48.45,36.0,55704.0,2830920.0,48.7,6.0,11324.0,48.75,32.0,42658.0,48.8,29.0,78798.0,48.85,24.0,49286.0,48.9,45.0,68923.0,5357519.0,49.33
10780.85,36659.74,0,18378605.0,12:38:59,48.65,68.0,51291.0,48.6,145.0,81129.0,48.55,87.0,90837.0,48.5,426.0,221285.0,48.45,36.0,55704.0,2830920.0,48.7,6.0,11324.0,48.75,32.0,42658.0,48.8,29.0,78798.0,48.85,24.0,49286.0,48.9,45.0,68923.0,5357519.0,49.33
10780.65,36659.00,0,18382776.0,12:39:02,48.7,6.0,7572.0,48.65,68.0,50344.0,48.6,145.0,81129.0,48.55,86.0,82637.0,48.5,426.0,221285.0,2829795.0,48.75,29.0,40383.0,48.8,31.0,72873.0,48.85,25.0,49287.0,48.9,45.0,68923.0,48.95,54.0,77209.0,5337996.0,49.33
10780.85,36657.80,0,18382776.0,12:39:02,48.7,6.0,7572.0,48.65,68.0,50344.0,48.6,145.0,81129.0,48.55,86.0,82637.0,48.5,426.0,221285.0,2829795.0,48.75,29.0,40383.0,48.8,31.0,72873.0,48.85,25.0,49287.0,48.9,45.0,68923.0,48.95,54.0,77209.0,5337996.0,49.33
10780.50,36653.53,0,18382827.0,12:39:03,48.7,18.0,25866.0,48.65,66.0,61381.0,48.6,143.0,79769.0,48.55,87.0,90837.0,48.5,426.0,221285.0,2854600.0,48.75,14.0,14318.0,48.8,29.0,59102.0,48.85,27.0,70068.0,48.9,44.0,65104.0,48.95,55.0,81028.0,5330467.0,49.33
10779.40,36654.16,0,18382827.0,12:39:03,48.7,18.0,25866.0,48.65,67.0,62206.0,48.6,143.0,79769.0,48.55,87.0,90837.0,48.5,426.0,221285.0,2856655.0,48.75,15.0,14659.0,48.8,32.0,65893.0,48.85,27.0,70068.0,48.9,44.0,65104.0,48.95,55.0,81028.0,5337599.0,49.33
10778.75,36654.16,0,18391028.0,12:39:05,48.7,16.0,21789.0,48.65,67.0,62206.0,48.6,143.0,79769.0,48.55,87.0,90837.0,48.5,428.0,225285.0,2857948.0,48.75,15.0,14659.0,48.8,34.0,67343.0,48.85,28.0,71148.0,48.9,45.0,65154.0,48.95,56.0,82028.0,5341179.0,49.33
10778.75,36651.96,0,18391028.0,12:39:05,48.7,16.0,21789.0,48.65,67.0,62206.0,48.6,143.0,79769.0,48.55,87.0,90837.0,48.5,428.0,225285.0,2857948.0,48.75,15.0,14659.0,48.8,34.0,67343.0,48.85,28.0,71148.0,48.9,45.0,65154.0,48.95,56.0,82028.0,5341179.0,49.33
10779.30,36651.85,0,18391028.0,12:39:05,48.7,16.0,21789.0,48.65,67.0,62206.0,48.6,143.0,79769.0,48.55,87.0,90837.0,48.5,428.0,225285.0,2857948.0,48.75,15.0,14659.0,48.8,34.0,67343.0,48.85,28.0,71148.0,48.9,45.0,65154.0,48.95,56.0,82028.0,5341179.0,49.33
10779.25,36651.54,0,18391229.0,12:39:09,48.7,16.0,21588.0,48.65,68.0,62207.0,48.6,143.0,79769.0,48.55,87.0,90837.0,48.5,428.0,225285.0,2858888.0,48.75,17.0,15660.0,48.8,34.0,67343.0,48.85,28.0,70998.0,48.9,45.0,65154.0,48.95,56.0,82028.0,5342030.0,49.33
10778.65,36649.18,0,18391229.0,12:39:09,48.7,14.0,20697.0,48.65,69.0,62243.0,48.6,143.0,79769.0,48.55,87.0,90837.0,48.5,428.0,225285.0,2859513.0,48.75,18.0,17660.0,48.8,34.0,67343.0,48.85,28.0,70998.0,48.9,46.0,66154.0,48.95,56.0,82028.0,5344060.0,49.33
10777.95,36646.75,0,18391250.0,12:39:11,48.7,4.0,5558.0,48.65,66.0,45143.0,48.6,141.0,78920.0,48.55,86.0,82637.0,48.5,427.0,225260.0,2826262.0,48.75,21.0,23056.0,48.8,34.0,70741.0,48.85,28.0,70998.0,48.9,46.0,66154.0,48.95,56.0,82028.0,5370143.0,49.33
10778.25,36646.94,0,18391250.0,12:39:11,48.7,4.0,5558.0,48.65,66.0,45143.0,48.6,141.0,78920.0,48.55,86.0,82637.0,48.5,427.0,225260.0,2826262.0,48.75,21.0,23056.0,48.8,34.0,70741.0,48.85,28.0,70998.0,48.9,46.0,66154.0,48.95,56.0,82028.0,5370143.0,49.33
10776.90,36642.35,0,18394250.0,12:39:12,48.7,3.0,588.0,48.65,63.0,43333.0,48.6,141.0,79006.0,48.55,86.0,82637.0,48.5,429.0,225276.0,2825736.0,48.75,30.0,36069.0,48.8,30.0,86998.0,48.85,25.0,49137.0,48.9,46.0,66154.0,48.95,56.0,82028.0,5369193.0,49.33
10776.50,36633.90,0,18395140.0,12:39:15,48.65,66.0,47661.0,48.6,146.0,86135.0,48.55,88.0,91917.0,48.5,429.0,225276.0,48.45,37.0,55854.0,2845885.0,48.7,9.0,15935.0,48.75,29.0,36289.0,48.8,30.0,86998.0,48.85,26.0,49187.0,48.9,46.0,66154.0,5385398.0,49.33
10775.95,36634.97,0,18395140.0,12:39:15,48.65,64.0,45737.0,48.6,147.0,87159.0,48.55,88.0,91917.0,48.5,429.0,225276.0,48.45,37.0,55854.0,2854985.0,48.7,10.0,17144.0,48.75,30.0,36630.0,48.8,30.0,86998.0,48.85,26.0,49187.0,48.9,46.0,66154.0,5386948.0,49.33
10775.65,36633.44,0,18395140.0,12:39:15,48.65,64.0,45737.0,48.6,147.0,87159.0,48.55,88.0,91917.0,48.5,429.0,225276.0,48.45,37.0,55854.0,2854985.0,48.7,10.0,17144.0,48.75,30.0,36630.0,48.8,30.0,86998.0,48.85,26.0,49187.0,48.9,46.0,66154.0,5386948.0,49.33
10774.95,36634.72,0,18395240.0,12:39:18,48.65,65.0,47522.0,48.6,147.0,87159.0,48.55,87.0,91717.0,48.5,430.0,225286.0,48.45,37.0,55854.0,2858080.0,48.7,10.0,17044.0,48.75,30.0,36630.0,48.8,30.0,86998.0,48.85,26.0,49187.0,48.9,46.0,66154.0,5386868.0,49.33
10774.20,36633.99,0,18395240.0,12:39:18,48.65,65.0,47522.0,48.6,147.0,87159.0,48.55,87.0,91717.0,48.5,430.0,225286.0,48.45,37.0,55854.0,2858080.0,48.7,9.0,15544.0,48.75,32.0,47587.0,48.8,30.0,86998.0,48.85,26.0,49187.0,48.9,46.0,66154.0,5396125.0,49.33
10774.20,36634.22,0,18395240.0,12:39:18,48.65,65.0,47522.0,48.6,147.0,87159.0,48.55,87.0,91717.0,48.5,430.0,225286.0,48.45,37.0,55854.0,2858080.0,48.7,9.0,15544.0,48.75,32.0,47587.0,48.8,30.0,86998.0,48.85,26.0,49187.0,48.9,46.0,66154.0,5396125.0,49.33
10774.25,36634.18,0,18395340.0,12:39:21,48.65,66.0,47547.0,48.6,147.0,87159.0,48.55,87.0,91717.0,48.5,430.0,225286.0,48.45,37.0,55854.0,2858105.0,48.7,8.0,13795.0,48.75,32.0,47587.0,48.8,30.0,86998.0,48.85,26.0,49187.0,48.9,46.0,66154.0,5394396.0,49.33
10774.25,36630.56,0,18396390.0,12:39:23,48.65,67.0,47497.0,48.6,147.0,87159.0,48.55,87.0,91717.0,48.5,430.0,225286.0,48.45,37.0,55854.0,2858455.0,48.7,10.0,16090.0,48.75,32.0,47587.0,48.8,30.0,86998.0,48.85,26.0,49187.0,48.9,46.0,66154.0,5396691.0,49.33
10774.15,36633.50,0,18396390.0,12:39:23,48.65,67.0,47497.0,48.6,147.0,87159.0,48.55,87.0,91717.0,48.5,430.0,225286.0,48.45,37.0,55854.0,2858455.0,48.7,10.0,16090.0,48.75,32.0,47587.0,48.8,30.0,86998.0,48.85,26.0,49187.0,48.9,46.0,66154.0,5396691.0,49.33
10773.75,36634.60,0,18400292.0,12:39:25,48.65,57.0,29148.0,48.6,146.0,68173.0,48.55,92.0,91599.0,48.5,430.0,215792.0,48.45,39.0,67873.0,2827644.0,48.7,14.0,18092.0,48.75,35.0,60604.0,48.8,29.0,78798.0,48.85,26.0,49187.0,48.9,46.0,66154.0,5399393.0,49.33
10774.75,36633.67,0,18400492.0,12:39:26,48.65,58.0,32148.0,48.6,146.0,68173.0,48.55,92.0,91599.0,48.5,429.0,212792.0,48.45,39.0,67873.0,2827644.0,48.7,14.0,17892.0,48.75,35.0,60604.0,48.8,29.0,78798.0,48.85,26.0,49187.0,48.9,46.0,66154.0,5399193.0,49.33
10773.85,36633.17,0,18400492.0,12:39:26,48.65,59.0,32173.0,48.6,146.0,68173.0,48.55,92.0,91599.0,48.5,429.0,212792.0,48.45,39.0,67873.0,2827669.0,48.7,14.0,17892.0,48.75,36.0,65604.0,48.8,29.0,78798.0,48.85,26.0,49187.0,48.9,46.0,66154.0,5404193.0,49.33
10773.90,36630.80,0,18400715.0,12:39:29,48.65,68.0,46163.0,48.6,145.0,81504.0,48.55,87.0,83887.0,48.5,429.0,219992.0,48.45,39.0,67873.0,2850361.0,48.7,12.0,12189.0,48.75,35.0,61487.0,48.8,28.0,78778.0,48.85,26.0,56167.0,48.9,46.0,66154.0,5405450.0,49.33
10773.90,36630.04,0,18400765.0,12:39:29,48.65,68.0,46163.0,48.6,145.0,81504.0,48.55,87.0,83887.0,48.5,429.0,219992.0,48.45,40.0,67950.0,2850438.0,48.7,12.0,12139.0,48.75,35.0,61487.0,48.8,28.0,78778.0,48.85,26.0,56167.0,48.9,46.0,66154.0,5405400.0,49.33
10772.85,36629.04,0,18401065.0,12:39:31,48.65,67.0,45863.0,48.6,145.0,81504.0,48.55,88.0,84387.0,48.5,429.0,219992.0,48.45,40.0,67950.0,2850638.0,48.7,12.0,11839.0,48.75,35.0,61487.0,48.8,28.0,78778.0,48.85,26.0,56167.0,48.9,46.0,66154.0,5405100.0,49.33
10773.35,36630.88,0,18402067.0,12:39:33,48.65,67.0,45863.0,48.6,147.0,82954.0,48.55,87.0,91137.0,48.5,428.0,211792.0,48.45,41.0,67951.0,2850639.0,48.7,11.0,8602.0,48.75,35.0,61487.0,48.8,29.0,79093.0,48.85,26.0,56167.0,48.9,48.0,66319.0,5402343.0,49.33
10773.60,36634.43,0,18402067.0,12:39:33,48.65,67.0,45863.0,48.6,147.0,82954.0,48.55,87.0,91137.0,48.5,428.0,211792.0,48.45,41.0,67951.0,2850639.0,48.7,11.0,8602.0,48.75,35.0,61487.0,48.8,29.0,79093.0,48.85,26.0,56167.0,48.9,48.0,66319.0,5402343.0,49.33
10774.75,36634.34,0,18402567.0,12:39:34,48.65,69.0,46592.0,48.6,146.0,81930.0,48.55,87.0,91137.0,48.5,428.0,211792.0,48.45,40.0,67950.0,2850343.0,48.7,9.0,4544.0,48.75,35.0,61487.0,48.8,29.0,79093.0,48.85,26.0,56167.0,48.9,48.0,66319.0,5398285.0,49.33
10775.00,36632.98,0,18402567.0,12:39:34,48.65,66.0,44892.0,48.6,143.0,79400.0,48.55,86.0,82937.0,48.5,430.0,220192.0,48.45,40.0,67950.0,2846363.0,48.7,13.0,18955.0,48.75,35.0,61487.0,48.8,29.0,79093.0,48.85,26.0,56167.0,48.9,48.0,66319.0,5412346.0,49.33
10774.80,36630.43,0,18402667.0,12:39:37,48.65,66.0,43697.0,48.6,144.0,81156.0,48.55,89.0,84887.0,48.5,430.0,220192.0,48.45,40.0,67950.0,2848874.0,48.7,14.0,20550.0,48.75,36.0,61497.0,48.8,29.0,79093.0,48.85,26.0,56167.0,48.9,48.0,66319.0,5413951.0,49.33
10775.40,36633.30,0,18410873.0,12:39:38,48.65,52.0,44187.0,48.6,144.0,80656.0,48.55,89.0,84397.0,48.5,430.0,220192.0,48.45,40.0,67950.0,2848374.0,48.7,14.0,20544.0,48.75,36.0,61497.0,48.8,29.0,79093.0,48.85,26.0,56167.0,48.9,48.0,66319.0,5413945.0,49.33
10775.40,36633.78,0,18413370.0,12:39:40,48.65,53.0,42287.0,48.6,144.0,80656.0,48.55,89.0,84397.0,48.5,429.0,220167.0,48.45,40.0,67950.0,2846470.0,48.7,13.0,19226.0,48.75,36.0,61497.0,48.8,30.0,79113.0,48.85,26.0,56167.0,48.9,48.0,66319.0,5412347.0,49.33
10775.00,36633.95,0,18413426.0,12:39:41,48.65,53.0,42287.0,48.6,144.0,80656.0,48.55,89.0,84397.0,48.5,429.0,220167.0,48.45,40.0,67950.0,2846470.0,48.7,13.0,19170.0,48.75,36.0,61497.0,48.8,30.0,79113.0,48.85,26.0,56167.0,48.9,48.0,66319.0,5412291.0,49.33
10774.60,36633.57,0,18413444.0,12:39:41,48.65,55.0,43187.0,48.6,144.0,80656.0,48.55,89.0,84397.0,48.5,429.0,220167.0,48.45,40.0,67950.0,2847370.0,48.7,13.0,19152.0,48.75,36.0,61497.0,48.8,30.0,79113.0,48.85,26.0,56167.0,48.9,49.0,66819.0,5412273.0,49.33
10774.25,36632.90,0,18413587.0,12:39:43,48.65,56.0,43133.0,48.6,144.0,80656.0,48.55,89.0,84397.0,48.5,428.0,219967.0,48.45,40.0,67950.0,2847316.0,48.7,14.0,20762.0,48.75,36.0,61497.0,48.8,30.0,79113.0,48.85,27.0,56207.0,48.9,49.0,66819.0,5413923.0,49.33
10774.25,36632.90,0,18413641.0,12:39:45,48.65,57.0,43368.0,48.6,147.0,82126.0,48.55,88.0,91147.0,48.5,427.0,211767.0,48.45,41.0,67953.0,2847574.0,48.7,13.0,20535.0,48.75,37.0,62521.0,48.8,30.0,79113.0,48.85,27.0,56207.0,48.9,49.0,64399.0,5412300.0,49.33
10774.75,36632.99,0,18413641.0,12:39:45,48.65,57.0,43368.0,48.6,147.0,82126.0,48.55,88.0,91147.0,48.5,427.0,211767.0,48.45,41.0,67953.0,2847574.0,48.7,13.0,20535.0,48.75,37.0,62521.0,48.8,30.0,79113.0,48.85,27.0,56207.0,48.9,49.0,64399.0,5412300.0,49.33
10775.00,36639.82,0,18414718.0,12:39:47,48.65,55.0,42366.0,48.6,147.0,82126.0,48.55,87.0,81147.0,48.5,427.0,211767.0,48.45,40.0,67950.0,2848619.0,48.7,14.0,21510.0,48.75,37.0,62521.0,48.8,30.0,79113.0,48.85,27.0,56207.0,48.9,49.0,64399.0,5413275.0,49.33
10775.45,36638.74,0,18414797.0,12:39:49,48.65,55.0,42366.0,48.6,147.0,81946.0,48.55,86.0,81097.0,48.5,426.0,211747.0,48.45,40.0,67950.0,2848419.0,48.7,17.0,24072.0,48.75,36.0,62180.0,48.8,30.0,79113.0,48.85,27.0,56207.0,48.9,49.0,64399.0,5411496.0,49.33
10775.45,36638.74,0,18414797.0,12:39:49,48.65,55.0,42366.0,48.6,147.0,81946.0,48.55,86.0,81097.0,48.5,426.0,211747.0,48.45,40.0,67950.0,2848419.0,48.7,17.0,24072.0,48.75,36.0,62180.0,48.8,30.0,79113.0,48.85,27.0,56207.0,48.9,49.0,64399.0,5411496.0,49.33
10775.30,36637.21,0,18415474.0,12:39:51,48.65,55.0,42366.0,48.6,150.0,86146.0,48.55,86.0,81097.0,48.5,425.0,211697.0,48.45,40.0,67950.0,2852619.0,48.7,16.0,23395.0,48.75,36.0,62180.0,48.8,30.0,79113.0,48.85,27.0,56207.0,48.9,49.0,64399.0,5410819.0,49.33
10775.00,36635.71,0,18415474.0,12:39:51,48.65,55.0,42366.0,48.6,150.0,86146.0,48.55,86.0,81097.0,48.5,425.0,211697.0,48.45,40.0,67950.0,2852619.0,48.7,16.0,23395.0,48.75,36.0,62180.0,48.8,30.0,79113.0,48.85,27.0,56207.0,48.9,49.0,64399.0,5410819.0,49.33
10775.10,36635.94,0,18415559.0,12:39:53,48.65,55.0,42366.0,48.6,151.0,86230.0,48.55,87.0,81247.0,48.5,425.0,211697.0,48.45,40.0,67950.0,2853053.0,48.7,15.0,22422.0,48.75,36.0,62180.0,48.8,30.0,79113.0,48.85,27.0,56207.0,48.9,49.0,64399.0,5409887.0,49.33
10775.80,36636.05,0,18415559.0,12:39:53,48.65,55.0,42366.0,48.6,151.0,86230.0,48.55,87.0,81247.0,48.5,425.0,211697.0,48.45,40.0,67950.0,2853053.0,48.7,15.0,22422.0,48.75,36.0,62180.0,48.8,30.0,79113.0,48.85,27.0,56207.0,48.9,49.0,64399.0,5409887.0,49.33
10776.35,36636.31,0,18415853.0,12:39:56,48.65,55.0,42166.0,48.6,150.0,81230.0,48.55,87.0,81247.0,48.5,426.0,211698.0,48.45,39.0,67850.0,2847853.0,48.7,16.0,24003.0,48.75,35.0,57180.0,48.8,30.0,79113.0,48.85,27.0,56207.0,48.9,49.0,64399.0,5406468.0,49.33
10777.80,36637.40,0,18415853.0,12:39:56,48.65,55.0,42166.0,48.6,150.0,81230.0,48.55,87.0,81247.0,48.5,426.0,211698.0,48.45,39.0,67850.0,2847853.0,48.7,16.0,24003.0,48.75,35.0,57180.0,48.8,30.0,79113.0,48.85,27.0,56207.0,48.9,49.0,64399.0,5406468.0,49.33
10777.05,36640.45,0,18420931.0,12:39:58,48.65,56.0,42666.0,48.6,149.0,79230.0,48.55,87.0,81247.0,48.5,426.0,202698.0,48.45,39.0,67850.0,2839353.0,48.7,12.0,17276.0,48.75,35.0,57180.0,48.8,30.0,79113.0,48.85,27.0,56207.0,48.9,49.0,64399.0,5403821.0,49.33
10777.35,36639.21,0,18421072.0,12:39:58,48.65,50.0,37030.0,48.6,143.0,70568.0,48.55,86.0,73047.0,48.5,426.0,210868.0,48.45,39.0,67850.0,2825055.0,48.7,13.0,18784.0,48.75,35.0,57180.0,48.8,30.0,79113.0,48.85,27.0,56207.0,48.9,49.0,64399.0,5405329.0,49.33
10777.85,36639.10,0,18421331.0,12:40:00,48.65,52.0,39725.0,48.6,151.0,82216.0,48.55,89.0,75577.0,48.5,426.0,210868.0,48.45,40.0,71850.0,2841928.0,48.7,14.0,19525.0,48.75,35.0,57180.0,48.8,31.0,80113.0,48.85,27.0,56207.0,48.9,49.0,64399.0,5407070.0,49.33
10777.15,36641.64,0,18421353.0,12:40:00,48.65,52.0,39725.0,48.6,153.0,84166.0,48.55,88.0,82327.0,48.5,425.0,202668.0,48.45,40.0,71850.0,2842428.0,48.7,12.0,16159.0,48.75,35.0,57180.0,48.8,31.0,80113.0,48.85,27.0,56207.0,48.9,49.0,64399.0,5403704.0,49.33
10775.40,36640.69,0,18421411.0,12:40:01,48.65,52.0,39725.0,48.6,153.0,84166.0,48.55,88.0,82327.0,48.5,425.0,202668.0,48.45,41.0,71853.0,2842436.0,48.7,12.0,16101.0,48.75,35.0,57180.0,48.8,31.0,80113.0,48.85,27.0,56207.0,48.9,49.0,64399.0,5403646.0,49.33
10775.55,36640.00,0,18421599.0,12:40:03,48.65,52.0,39711.0,48.6,153.0,84166.0,48.55,88.0,82327.0,48.5,425.0,202668.0,48.45,40.0,71850.0,2842419.0,48.7,11.0,14937.0,48.75,35.0,57180.0,48.8,31.0,80113.0,48.85,26.0,56157.0,48.9,50.0,64449.0,5402482.0,49.33
10776.45,36639.68,0,18421639.0,12:40:04,48.65,52.0,39711.0,48.6,153.0,84166.0,48.55,88.0,82327.0,48.5,425.0,202668.0,48.45,40.0,71850.0,2842419.0,48.7,11.0,14897.0,48.75,35.0,57180.0,48.8,32.0,80213.0,48.85,26.0,56157.0,48.9,50.0,64449.0,5402542.0,49.33
10776.10,36640.06,0,18421639.0,12:40:04,48.65,52.0,39711.0,48.6,153.0,84166.0,48.55,88.0,82327.0,48.5,425.0,202668.0,48.45,40.0,71850.0,2842419.0,48.7,11.0,14897.0,48.75,35.0,57180.0,48.8,32.0,80213.0,48.85,26.0,56157.0,48.9,50.0,64449.0,5402542.0,49.33
10776.70,36640.50,0,18422909.0,12:40:07,48.65,52.0,39709.0,48.6,153.0,84166.0,48.55,88.0,82327.0,48.5,425.0,202668.0,48.45,39.0,71620.0,2842417.0,48.7,12.0,14850.0,48.75,35.0,57180.0,48.8,32.0,80213.0,48.85,26.0,56157.0,48.9,49.0,63449.0,5401495.0,49.33
10777.30,36640.22,0,18422928.0,12:40:08,48.65,52.0,39709.0,48.6,153.0,84166.0,48.55,88.0,82327.0,48.5,425.0,202668.0,48.45,39.0,71620.0,2842417.0,48.7,12.0,14831.0,48.75,35.0,57180.0,48.8,32.0,80213.0,48.85,26.0,56157.0,48.9,49.0,63449.0,5401476.0,49.33
10777.30,36639.59,0,18423054.0,12:40:10,48.65,52.0,39709.0,48.6,153.0,84166.0,48.55,88.0,82327.0,48.5,425.0,202668.0,48.45,39.0,71620.0,2842417.0,48.7,12.0,14705.0,48.75,35.0,57180.0,48.8,32.0,80213.0,48.85,26.0,56157.0,48.9,49.0,63449.0,5401350.0,49.33
10776.90,36639.72,0,18423074.0,12:40:10,48.65,52.0,39709.0,48.6,153.0,84166.0,48.55,88.0,82327.0,48.5,425.0,202668.0,48.45,39.0,71620.0,2842417.0,48.7,12.0,14685.0,48.75,35.0,57180.0,48.8,32.0,80213.0,48.85,26.0,56157.0,48.9,49.0,63449.0,5401330.0,49.33
10776.35,36641.94,0,18423196.0,12:40:12,48.65,52.0,39709.0,48.6,155.0,84168.0,48.55,88.0,82327.0,48.5,425.0,202668.0,48.45,39.0,71620.0,2842419.0,48.7,13.0,15563.0,48.75,35.0,57180.0,48.8,32.0,80213.0,48.85,26.0,56157.0,48.9,49.0,63449.0,5402208.0,49.33
10776.95,36641.94,0,18423236.0,12:40:13,48.65,54.0,40059.0,48.6,155.0,84168.0,48.55,88.0,82327.0,48.5,425.0,202668.0,48.45,40.0,71622.0,2842771.0,48.7,13.0,15523.0,48.75,35.0,57180.0,48.8,32.0,80213.0,48.85,26.0,56157.0,48.9,50.0,63749.0,5402168.0,49.33
10777.00,36643.22,0,18438824.0,12:40:13,48.7,3.0,3661.0,48.65,61.0,46478.0,48.6,152.0,80152.0,48.55,87.0,74127.0,48.5,425.0,202668.0,2840633.0,48.75,30.0,49888.0,48.8,33.0,81237.0,48.85,26.0,56157.0,48.9,50.0,63749.0,48.95,58.0,78580.0,5380377.0,49.33
10777.90,36643.39,0,18438825.0,12:40:14,48.7,4.0,3860.0,48.65,63.0,56978.0,48.6,151.0,79652.0,48.55,87.0,74127.0,48.5,425.0,202668.0,2850332.0,48.75,30.0,49888.0,48.8,33.0,81237.0,48.85,26.0,56157.0,48.9,50.0,63749.0,48.95,58.0,78580.0,5380377.0,49.33
10777.15,36643.92,0,18438828.0,12:40:15,48.7,5.0,4097.0,48.65,63.0,56978.0,48.6,152.0,79762.0,48.55,87.0,74127.0,48.5,426.0,202768.0,2851279.0,48.75,31.0,50912.0,48.8,32.0,80213.0,48.85,26.0,56157.0,48.9,51.0,64081.0,48.95,59.0,78705.0,5380841.0,49.33
10776.90,36643.76,0,18438828.0,12:40:15,48.7,5.0,4097.0,48.65,63.0,56978.0,48.6,152.0,79762.0,48.55,87.0,74127.0,48.5,426.0,202768.0,2851279.0,48.75,31.0,50912.0,48.8,32.0,80213.0,48.85,26.0,56157.0,48.9,51.0,64081.0,48.95,59.0,78705.0,5380841.0,49.33
10776.45,36638.75,0,18438828.0,12:40:15,48.7,5.0,2704.0,48.65,63.0,56978.0,48.6,152.0,79762.0,48.55,87.0,74127.0,48.5,426.0,202768.0,2849686.0,48.75,32.0,52212.0,48.8,33.0,80545.0,48.85,26.0,56157.0,48.9,50.0,63749.0,48.95,59.0,78705.0,5382141.0,49.33
10776.10,36637.50,0,18438828.0,12:40:15,48.7,5.0,2704.0,48.65,63.0,56978.0,48.6,152.0,79762.0,48.55,87.0,74127.0,48.5,426.0,202768.0,2849686.0,48.75,32.0,52212.0,48.8,33.0,80545.0,48.85,26.0,56157.0,48.9,50.0,63749.0,48.95,59.0,78705.0,5382141.0,49.33
10776.30,36639.08,0,18438878.0,12:40:19,48.7,5.0,1684.0,48.65,63.0,57902.0,48.6,153.0,79862.0,48.55,87.0,74127.0,48.5,425.0,202748.0,2849586.0,48.75,34.0,55595.0,48.8,32.0,80213.0,48.85,26.0,56157.0,48.9,50.0,63749.0,48.95,59.0,78705.0,5385392.0,49.33
10776.00,36636.13,0,18438878.0,12:40:19,48.7,6.0,1694.0,48.65,64.0,58402.0,48.6,153.0,79862.0,48.55,87.0,74127.0,48.5,425.0,202748.0,2850096.0,48.75,34.0,55595.0,48.8,32.0,80213.0,48.85,26.0,56157.0,48.9,50.0,63749.0,48.95,59.0,78705.0,5385392.0,49.33
10775.20,36633.71,0,18440584.0,12:40:23,48.65,59.0,53890.0,48.6,150.0,74105.0,48.55,93.0,82209.0,48.5,425.0,210938.0,48.45,39.0,71620.0,2854435.0,48.7,7.0,6414.0,48.75,33.0,54182.0,48.8,32.0,80213.0,48.85,26.0,56157.0,48.9,49.0,62749.0,5390393.0,49.33
10774.65,36632.49,0,18442633.0,12:40:24,48.65,54.0,44857.0,48.6,152.0,65710.0,48.55,93.0,82209.0,48.5,424.0,202738.0,48.45,39.0,71620.0,2832924.0,48.7,11.0,15446.0,48.75,34.0,58299.0,48.8,32.0,80213.0,48.85,26.0,56157.0,48.9,49.0,62749.0,5395835.0,49.33
10774.95,36634.27,0,18442856.0,12:40:25,48.65,60.0,54488.0,48.6,151.0,79729.0,48.55,89.0,75577.0,48.5,425.0,210938.0,48.45,39.0,71620.0,2854025.0,48.7,7.0,7544.0,48.75,33.0,54182.0,48.8,32.0,80213.0,48.85,26.0,56157.0,48.9,49.0,62749.0,5391523.0,49.33
10775.00,36633.82,0,18443408.0,12:40:27,48.65,59.0,53988.0,48.6,150.0,79689.0,48.55,89.0,75577.0,48.5,425.0,210938.0,48.45,39.0,71620.0,2853985.0,48.7,7.0,6992.0,48.75,33.0,54182.0,48.8,32.0,80213.0,48.85,26.0,56157.0,48.9,49.0,62749.0,5390971.0,49.32
10774.10,36633.82,0,18443428.0,12:40:28,48.65,59.0,53988.0,48.6,150.0,79689.0,48.55,89.0,75577.0,48.5,425.0,210938.0,48.45,39.0,71620.0,2853985.0,48.7,7.0,6972.0,48.75,33.0,54182.0,48.8,32.0,80213.0,48.85,26.0,56157.0,48.9,49.0,62749.0,5390951.0,49.32
10775.00,36634.67,0,18443431.0,12:40:28,48.65,60.0,54788.0,48.6,151.0,79939.0,48.55,89.0,75577.0,48.5,425.0,210938.0,48.45,39.0,71620.0,2855035.0,48.7,7.0,6969.0,48.75,33.0,54182.0,48.8,32.0,80213.0,48.85,26.0,56157.0,48.9,49.0,62749.0,5390948.0,49.32
10774.45,36632.50,0,18443961.0,12:40:31,48.65,46.0,35036.0,48.6,151.0,65904.0,48.55,93.0,82209.0,48.5,425.0,203273.0,48.45,39.0,71620.0,2827922.0,48.7,18.0,25055.0,48.75,34.0,89932.0,48.8,29.0,54583.0,48.85,26.0,56157.0,48.9,49.0,62749.0,5411447.0,49.32
10773.20,36622.74,0,18443975.0,12:40:32,48.65,44.0,33594.0,48.6,152.0,65940.0,48.55,93.0,82209.0,48.5,425.0,203273.0,48.45,39.0,71620.0,2826516.0,48.7,19.0,33247.0,48.75,34.0,89932.0,48.8,29.0,54583.0,48.85,26.0,56157.0,48.9,49.0,62749.0,5419639.0,49.32
10772.90,36622.74,0,18443975.0,12:40:32,48.65,44.0,33594.0,48.6,152.0,65940.0,48.55,93.0,82209.0,48.5,425.0,203273.0,48.45,39.0,71620.0,2826516.0,48.7,19.0,33247.0,48.75,34.0,89932.0,48.8,29.0,54583.0,48.85,26.0,56157.0,48.9,49.0,62749.0,5419639.0,49.32
10772.85,36621.40,0,18453492.0,12:40:34,48.65,15.0,22399.0,48.6,153.0,66690.0,48.55,92.0,81459.0,48.5,425.0,203273.0,48.45,39.0,71620.0,2815521.0,48.7,19.0,34315.0,48.75,34.0,89932.0,48.8,29.0,54583.0,48.85,26.0,56157.0,48.9,49.0,62749.0,5420707.0,49.32
10772.80,36623.09,0,18453505.0,12:40:35,48.65,19.0,27113.0,48.6,155.0,67966.0,48.55,89.0,79159.0,48.5,425.0,203273.0,48.45,39.0,71620.0,2819211.0,48.7,19.0,34302.0,48.75,34.0,89932.0,48.8,30.0,54593.0,48.85,26.0,56157.0,48.9,49.0,62749.0,5420704.0,49.32
10772.70,36622.60,0,18453505.0,12:40:35,48.65,19.0,27113.0,48.6,155.0,67966.0,48.55,89.0,79159.0,48.5,425.0,203273.0,48.45,39.0,71620.0,2819211.0,48.7,19.0,34302.0,48.75,34.0,89932.0,48.8,30.0,54593.0,48.85,26.0,56157.0,48.9,49.0,62749.0,5420704.0,49.32
10773.15,36623.29,0,18462245.0,12:40:38,48.65,17.0,20613.0,48.6,158.0,72298.0,48.55,88.0,75127.0,48.5,425.0,203273.0,48.45,39.0,71620.0,2823311.0,48.7,15.0,27325.0,48.75,38.0,96764.0,48.8,30.0,54593.0,48.85,26.0,56157.0,48.9,49.0,62749.0,5420509.0,49.32
10772.70,36623.29,0,18462245.0,12:40:38,48.65,17.0,20613.0,48.6,158.0,72298.0,48.55,88.0,75127.0,48.5,425.0,203273.0,48.45,39.0,71620.0,2823311.0,48.7,15.0,27325.0,48.75,38.0,96764.0,48.8,30.0,54593.0,48.85,26.0,56157.0,48.9,49.0,62749.0,5420509.0,49.32
10773.45,36624.46,0,18477469.0,12:40:38,48.7,2.0,2324.0,48.65,27.0,31542.0,48.6,157.0,85105.0,48.55,88.0,75127.0,48.5,425.0,203273.0,2845781.0,48.75,27.0,46542.0,48.8,41.0,89505.0,48.85,26.0,56157.0,48.9,49.0,62749.0,48.95,60.0,78722.0,5381464.0,49.32
10773.45,36625.87,0,18481496.0,12:40:40,48.65,17.0,20330.0,48.6,150.0,74531.0,48.55,86.0,73047.0,48.5,425.0,203273.0,48.45,39.0,71620.0,2823181.0,48.7,13.0,22910.0,48.75,34.0,88138.0,48.8,32.0,56613.0,48.85,26.0,56157.0,48.9,49.0,62749.0,5409488.0,49.32
