Nifty 50,sensex,BankBaroda(share price),volume,LTT,Bid-1,orders-1,Qty-1,Bid-2,orders-2,Qty-2,Bid-3,orders-3,Qty-3,Bid-4,orders-4,Qty-4,Bid-5,orders-5,Qty-5,Total-1,offer-1,orders-1,Qty-1,offer-2,orders-2,Qty-2,offer-3,orders-3,Qty-3,offer-4,orders-4,Qty-4,offer-5,orders-5,Qty-5,Total-2,Average_price
10640.25,36190.00,0,4854069.0,09:40:54,47.8,11.0,13304.0,47.75,40.0,52147.0,47.7,35.0,68857.0,47.65,22.0,49228.0,47.6,37.0,81443.0,2982174.0,47.85,49.0,31127.0,47.9,57.0,59486.0,47.95,58.0,89826.0,48.0,143.0,97312.0,48.05,29.0,48427.0,2457384.0,47.36
10640.25,36194.15,0,4854069.0,09:40:54,47.8,11.0,13304.0,47.75,40.0,52147.0,47.7,35.0,68857.0,47.65,22.0,49228.0,47.6,37.0,81443.0,2982174.0,47.85,49.0,31127.0,47.9,57.0,59486.0,47.95,58.0,89826.0,48.0,143.0,97312.0,48.05,29.0,48427.0,2457384.0,47.36
10639.60,36194.25,0,4855377.0,09:40:55,47.8,4.0,3576.0,47.75,42.0,52198.0,47.7,36.0,68907.0,47.65,22.0,49228.0,47.6,37.0,81443.0,2966137.0,47.85,54.0,38472.0,47.9,57.0,59273.0,47.95,58.0,89826.0,48.0,143.0,97312.0,48.05,29.0,48427.0,2461106.0,47.36
10639.05,36191.22,0,4855377.0,09:40:55,47.8,4.0,3576.0,47.75,42.0,52198.0,47.7,36.0,68907.0,47.65,22.0,49228.0,47.6,37.0,81443.0,2966137.0,47.85,54.0,38472.0,47.9,57.0,59273.0,47.95,58.0,89826.0,48.0,143.0,97312.0,48.05,29.0,48427.0,2461106.0,47.36
10638.90,36189.43,0,4860697.0,09:40:59,47.8,6.0,2805.0,47.75,43.0,52511.0,47.7,39.0,71457.0,47.65,21.0,49178.0,47.6,35.0,79133.0,2966324.0,47.85,50.0,36713.0,47.9,60.0,59573.0,47.95,58.0,89826.0,48.0,145.0,97554.0,48.05,29.0,48427.0,2459889.0,47.36
10640.15,36191.28,0,4860697.0,09:40:59,47.8,6.0,2805.0,47.75,43.0,52511.0,47.7,39.0,71457.0,47.65,21.0,49178.0,47.6,35.0,79133.0,2966324.0,47.85,50.0,36713.0,47.9,60.0,59573.0,47.95,58.0,89826.0,48.0,145.0,97554.0,48.05,29.0,48427.0,2459889.0,47.36
10640.15,36197.73,0,4865447.0,09:41:02,47.75,27.0,30825.0,47.7,35.0,61508.0,47.65,21.0,49178.0,47.6,34.0,70933.0,47.55,23.0,50445.0,2943918.0,47.8,15.0,18638.0,47.85,50.0,39611.0,47.9,59.0,57578.0,47.95,59.0,90126.0,48.0,145.0,97554.0,2471732.0,47.36
10640.95,36197.84,0,4865447.0,09:41:02,47.75,27.0,30825.0,47.7,35.0,61508.0,47.65,21.0,49178.0,47.6,34.0,70933.0,47.55,23.0,50445.0,2943918.0,47.8,15.0,18638.0,47.85,50.0,39611.0,47.9,59.0,57578.0,47.95,59.0,90126.0,48.0,145.0,97554.0,2471732.0,47.36
10640.50,36198.78,0,4873985.0,09:41:03,47.8,4.0,5026.0,47.75,36.0,45889.0,47.7,41.0,74576.0,47.65,21.0,49178.0,47.6,35.0,79133.0,2983536.0,47.85,51.0,36626.0,47.9,63.0,60088.0,47.95,59.0,90126.0,48.0,145.0,97554.0,48.05,30.0,48827.0,2460617.0,47.36
10641.70,36202.12,0,4879739.0,09:41:05,47.8,8.0,4996.0,47.75,31.0,38261.0,47.7,37.0,63008.0,47.65,21.0,49178.0,47.6,34.0,70933.0,2970766.0,47.85,45.0,40079.0,47.9,63.0,60088.0,47.95,57.0,89226.0,48.0,145.0,97554.0,48.05,29.0,48486.0,2459212.0,47.36
10641.60,36201.37,0,4880491.0,09:41:06,47.8,12.0,15458.0,47.75,32.0,37866.0,47.7,44.0,75645.0,47.65,24.0,55290.0,47.6,34.0,70933.0,3002532.0,47.85,47.0,39882.0,47.9,63.0,60088.0,47.95,57.0,89226.0,48.0,145.0,97554.0,48.05,29.0,48486.0,2459893.0,47.36
10641.30,36201.24,0,4880491.0,09:41:06,47.8,12.0,15458.0,47.75,32.0,37866.0,47.7,44.0,75645.0,47.65,24.0,55290.0,47.6,34.0,70933.0,3002532.0,47.85,47.0,39882.0,47.9,63.0,60088.0,47.95,57.0,89226.0,48.0,145.0,97554.0,48.05,29.0,48486.0,2459893.0,47.36
10639.00,36202.45,0,4881346.0,09:41:08,47.8,11.0,14406.0,47.75,34.0,38894.0,47.7,43.0,71177.0,47.65,24.0,55290.0,47.6,33.0,70883.0,3002480.0,47.85,51.0,43627.0,47.9,59.0,56388.0,47.95,59.0,97436.0,48.0,145.0,97554.0,48.05,29.0,48486.0,2468248.0,47.36
10639.15,36199.15,0,4881346.0,09:41:08,47.8,11.0,14406.0,47.75,34.0,38894.0,47.7,43.0,71177.0,47.65,24.0,55290.0,47.6,33.0,70883.0,3002480.0,47.85,51.0,43627.0,47.9,59.0,56388.0,47.95,59.0,97436.0,48.0,145.0,97554.0,48.05,29.0,48486.0,2468248.0,47.36
10641.10,36199.67,0,4915472.0,09:41:11,47.75,29.0,34072.0,47.7,44.0,75209.0,47.65,24.0,52155.0,47.6,32.0,69422.0,47.55,23.0,50445.0,2978998.0,47.8,9.0,10705.0,47.85,54.0,44207.0,47.9,59.0,43990.0,47.95,58.0,89236.0,48.0,144.0,97213.0,2465582.0,47.37
10641.10,36199.67,0,4916122.0,09:41:12,47.75,28.0,29590.0,47.7,46.0,79991.0,47.65,25.0,52785.0,47.6,33.0,69427.0,47.55,23.0,50445.0,2980443.0,47.8,12.0,12705.0,47.85,56.0,56961.0,47.9,62.0,60291.0,47.95,59.0,90316.0,48.0,145.0,97963.0,2498727.0,47.37
10640.00,36200.94,0,4916122.0,09:41:12,47.75,28.0,29590.0,47.7,46.0,79991.0,47.65,25.0,52785.0,47.6,33.0,69427.0,47.55,23.0,50445.0,2980443.0,47.8,12.0,12705.0,47.85,56.0,56961.0,47.9,62.0,60291.0,47.95,59.0,90316.0,48.0,145.0,97963.0,2498727.0,47.37
10639.20,36198.20,0,4917381.0,09:41:14,47.75,26.0,25505.0,47.7,44.0,76872.0,47.65,27.0,55904.0,47.6,33.0,69427.0,47.55,23.0,50445.0,2976138.0,47.8,17.0,16601.0,47.85,60.0,64862.0,47.9,59.0,54120.0,47.95,59.0,89336.0,48.0,146.0,97973.0,2503423.0,47.37
10639.30,36197.96,0,4926235.0,09:41:15,47.75,30.0,29710.0,47.7,46.0,79991.0,47.65,25.0,52785.0,47.6,33.0,69427.0,47.55,22.0,50145.0,2980193.0,47.8,15.0,11847.0,47.85,62.0,65462.0,47.9,59.0,54120.0,47.95,59.0,89336.0,48.0,148.0,103273.0,2508259.0,47.37
10639.50,36197.39,0,4926495.0,09:41:17,47.75,31.0,29790.0,47.7,46.0,79991.0,47.65,25.0,52785.0,47.6,33.0,69427.0,47.55,22.0,50145.0,2987338.0,47.8,16.0,11787.0,47.85,63.0,68033.0,47.9,59.0,54120.0,47.95,59.0,89336.0,48.0,148.0,103273.0,2510770.0,47.37
10638.45,36196.73,0,4926495.0,09:41:17,47.75,31.0,29790.0,47.7,46.0,79991.0,47.65,25.0,52785.0,47.6,33.0,69427.0,47.55,22.0,50145.0,2987338.0,47.8,16.0,11787.0,47.85,63.0,68033.0,47.9,59.0,54120.0,47.95,59.0,89336.0,48.0,148.0,103273.0,2510770.0,47.37
10638.40,36191.18,0,4932420.0,09:41:18,47.75,33.0,34038.0,47.7,49.0,85171.0,47.65,25.0,52785.0,47.6,33.0,69427.0,47.55,22.0,50145.0,2996886.0,47.8,11.0,5214.0,47.85,65.0,68333.0,47.9,59.0,54120.0,47.95,59.0,89336.0,48.0,147.0,103073.0,2504302.0,47.37
10639.65,36192.27,0,4964513.0,09:41:20,47.75,1.0,2492.0,47.7,34.0,40368.0,47.65,35.0,77274.0,47.6,35.0,71507.0,47.55,21.0,41945.0,2955613.0,47.8,23.0,28705.0,47.85,68.0,80833.0,47.9,59.0,54120.0,47.95,59.0,89336.0,48.0,146.0,102973.0,2530503.0,47.37
10638.55,36195.81,0,4991941.0,09:41:22,47.7,16.0,18394.0,47.65,34.0,74049.0,47.6,36.0,72207.0,47.55,21.0,41945.0,47.5,39.0,82320.0,2928172.0,47.75,16.0,18282.0,47.8,33.0,39993.0,47.85,60.0,79977.0,47.9,59.0,53540.0,47.95,57.0,80795.0,2542689.0,47.37
10638.85,36199.81,0,4991941.0,09:41:22,47.7,16.0,18394.0,47.65,34.0,74049.0,47.6,36.0,72207.0,47.55,21.0,41945.0,47.5,39.0,82320.0,2928172.0,47.75,16.0,18282.0,47.8,33.0,39993.0,47.85,60.0,79977.0,47.9,59.0,53540.0,47.95,57.0,80795.0,2542689.0,47.37
10639.20,36197.26,0,4993726.0,09:41:23,47.7,25.0,29325.0,47.65,34.0,72822.0,47.6,36.0,75539.0,47.55,21.0,41945.0,47.5,39.0,82320.0,2936163.0,47.75,3.0,2557.0,47.8,29.0,32683.0,47.85,68.0,79158.0,47.9,64.0,69046.0,47.95,59.0,81336.0,2542319.0,47.37
10638.65,36197.95,0,4993955.0,09:41:25,47.7,34.0,47238.0,47.65,28.0,46341.0,47.6,38.0,83789.0,47.55,22.0,50145.0,47.5,38.0,74120.0,2929918.0,47.8,26.0,22840.0,47.85,59.0,65391.0,47.9,64.0,68366.0,47.95,59.0,81336.0,48.0,148.0,103378.0,2520174.0,47.37
10640.10,36198.81,0,4993955.0,09:41:25,47.7,34.0,47238.0,47.65,28.0,46341.0,47.6,38.0,83789.0,47.55,22.0,50145.0,47.5,38.0,74120.0,2929918.0,47.8,26.0,22840.0,47.85,59.0,65391.0,47.9,64.0,68366.0,47.95,59.0,81336.0,48.0,148.0,103378.0,2520174.0,47.37
10639.85,36197.76,0,4993955.0,09:41:25,47.7,34.0,47238.0,47.65,28.0,46341.0,47.6,38.0,83789.0,47.55,22.0,50145.0,47.5,38.0,74120.0,2929918.0,47.8,26.0,22840.0,47.85,59.0,65391.0,47.9,64.0,68366.0,47.95,59.0,81336.0,48.0,148.0,103378.0,2520174.0,47.37
10639.55,36200.41,0,5021080.0,09:41:28,47.8,11.0,35644.0,47.75,32.0,63756.0,47.7,33.0,58360.0,47.65,25.0,48807.0,47.6,34.0,56152.0,2994836.0,47.85,46.0,37022.0,47.9,77.0,82683.0,47.95,61.0,90616.0,48.0,150.0,103819.0,48.05,31.0,48501.0,2517835.0,47.37
10638.20,36197.47,0,5021080.0,09:41:28,47.8,11.0,35644.0,47.75,32.0,63756.0,47.7,33.0,58360.0,47.65,25.0,48807.0,47.6,34.0,56152.0,2994836.0,47.85,46.0,37022.0,47.9,77.0,82683.0,47.95,61.0,90616.0,48.0,150.0,103819.0,48.05,31.0,48501.0,2517835.0,47.37
10639.50,36200.88,0,5051997.0,09:41:30,47.75,14.0,13787.0,47.7,39.0,72304.0,47.65,26.0,49807.0,47.6,33.0,47952.0,47.55,22.0,50145.0,2935711.0,47.8,16.0,22534.0,47.85,67.0,69105.0,47.9,64.0,66546.0,47.95,60.0,89536.0,48.0,149.0,103478.0,2547194.0,47.38
10638.60,36205.81,0,5061247.0,09:41:32,47.75,22.0,22171.0,47.7,42.0,76609.0,47.65,26.0,49990.0,47.6,33.0,47952.0,47.55,23.0,51042.0,2940600.0,47.8,8.0,9707.0,47.85,69.0,68276.0,47.9,67.0,70415.0,47.95,60.0,89536.0,48.0,149.0,103478.0,2544407.0,47.38
10638.60,36205.81,0,5061247.0,09:41:32,47.75,22.0,22171.0,47.7,42.0,76609.0,47.65,26.0,49990.0,47.6,33.0,47952.0,47.55,23.0,51042.0,2940600.0,47.8,8.0,9707.0,47.85,69.0,68276.0,47.9,67.0,70415.0,47.95,60.0,89536.0,48.0,149.0,103478.0,2544407.0,47.38
10637.85,36195.42,0,5062307.0,09:41:34,47.75,12.0,10324.0,47.7,29.0,32884.0,47.65,37.0,75575.0,47.6,35.0,48962.0,47.55,22.0,42842.0,2904530.0,47.8,21.0,25735.0,47.85,73.0,72146.0,47.9,65.0,71546.0,47.95,60.0,89536.0,48.0,148.0,98478.0,2554739.0,47.38
10636.85,36189.95,0,5062936.0,09:41:36,47.75,14.0,14879.0,47.7,32.0,37472.0,47.65,36.0,71107.0,47.6,35.0,48962.0,47.55,22.0,42842.0,2909255.0,47.8,25.0,26887.0,47.85,74.0,95863.0,47.9,65.0,71546.0,47.95,61.0,89541.0,48.0,148.0,98478.0,2580713.0,47.38
10637.85,36189.58,0,5062936.0,09:41:36,47.75,14.0,14879.0,47.7,32.0,37472.0,47.65,36.0,71107.0,47.6,35.0,48962.0,47.55,22.0,42842.0,2909255.0,47.8,25.0,26887.0,47.85,74.0,95863.0,47.9,65.0,71546.0,47.95,61.0,89541.0,48.0,148.0,98478.0,2580713.0,47.38
10637.35,36192.05,0,5063135.0,09:41:37,47.75,13.0,11409.0,47.7,33.0,37474.0,47.65,36.0,71107.0,47.6,35.0,48962.0,47.55,22.0,42842.0,2887987.0,47.8,36.0,40355.0,47.85,69.0,110031.0,47.9,65.0,78666.0,47.95,60.0,81341.0,48.0,149.0,98479.0,2603433.0,47.38
10637.55,36194.40,0,5065795.0,09:41:39,47.75,13.0,10807.0,47.7,33.0,37474.0,47.65,36.0,71107.0,47.6,35.0,48962.0,47.55,22.0,42842.0,2888410.0,47.8,26.0,26567.0,47.85,77.0,98503.0,47.9,70.0,80526.0,47.95,61.0,81351.0,48.0,149.0,98479.0,2583824.0,47.38
10636.45,36188.15,0,5065795.0,09:41:39,47.75,13.0,10807.0,47.7,33.0,37474.0,47.65,36.0,71107.0,47.6,35.0,48962.0,47.55,22.0,42842.0,2888410.0,47.8,26.0,26567.0,47.85,77.0,98503.0,47.9,70.0,80526.0,47.95,61.0,81351.0,48.0,149.0,98479.0,2583824.0,47.38
10636.55,36185.99,0,5066262.0,09:41:41,47.75,16.0,10134.0,47.7,32.0,37424.0,47.65,36.0,71107.0,47.6,35.0,48962.0,47.55,22.0,42842.0,2887687.0,47.8,27.0,29061.0,47.85,80.0,101103.0,47.9,70.0,80526.0,47.95,61.0,81351.0,48.0,149.0,98479.0,2588968.0,47.38
10637.65,36189.25,0,5066688.0,09:41:42,47.75,17.0,11126.0,47.7,32.0,37424.0,47.65,36.0,71107.0,47.6,35.0,48962.0,47.55,22.0,42842.0,2888229.0,47.8,28.0,28911.0,47.85,81.0,102103.0,47.9,70.0,80526.0,47.95,61.0,81351.0,48.0,149.0,98479.0,2591318.0,47.38
10639.15,36194.62,0,5071204.0,09:41:44,47.75,13.0,6610.0,47.7,33.0,37433.0,47.65,37.0,72107.0,47.6,34.0,47962.0,47.55,22.0,42842.0,2884022.0,47.8,28.0,28911.0,47.85,82.0,102303.0,47.9,70.0,79876.0,47.95,62.0,81851.0,48.0,150.0,99179.0,2592268.0,47.38
10638.65,36196.70,0,5071437.0,09:41:45,47.75,17.0,12069.0,47.7,32.0,37119.0,47.65,37.0,72107.0,47.6,34.0,47962.0,47.55,22.0,42842.0,2889717.0,47.8,31.0,31421.0,47.85,81.0,100303.0,47.9,70.0,79876.0,47.95,62.0,81851.0,48.0,148.0,97929.0,2592278.0,47.38
10638.65,36196.70,0,5071437.0,09:41:45,47.75,17.0,12069.0,47.7,32.0,37119.0,47.65,37.0,72107.0,47.6,34.0,47962.0,47.55,22.0,42842.0,2889717.0,47.8,31.0,31421.0,47.85,81.0,100303.0,47.9,70.0,79876.0,47.95,62.0,81851.0,48.0,148.0,97929.0,2592278.0,47.38
10637.35,36193.44,0,5077138.0,09:41:47,47.75,13.0,8208.0,47.7,36.0,41449.0,47.65,34.0,68091.0,47.6,35.0,48962.0,47.55,22.0,42842.0,2887370.0,47.8,38.0,39169.0,47.85,72.0,91972.0,47.9,70.0,86996.0,47.95,62.0,81851.0,48.0,148.0,97929.0,2595288.0,47.38
10639.15,36189.63,0,5077488.0,09:41:49,47.75,24.0,17607.0,47.7,37.0,44254.0,47.65,31.0,64869.0,47.6,35.0,48962.0,47.55,23.0,42945.0,2896465.0,47.8,25.0,27464.0,47.85,72.0,87587.0,47.9,69.0,78796.0,47.95,62.0,81851.0,48.0,149.0,98270.0,2575687.0,47.38
10637.55,36194.87,0,5077488.0,09:41:49,47.75,31.0,31895.0,47.7,40.0,46330.0,47.65,25.0,58426.0,47.6,35.0,48962.0,47.55,24.0,51145.0,2898764.0,47.8,23.0,17840.0,47.85,84.0,104404.0,47.9,71.0,80576.0,47.95,62.0,81851.0,48.0,149.0,98270.0,2593277.0,47.38
10638.35,36194.10,0,5077488.0,09:41:49,47.75,31.0,31895.0,47.7,40.0,46330.0,47.65,25.0,58426.0,47.6,35.0,48962.0,47.55,24.0,51145.0,2898764.0,47.8,23.0,17840.0,47.85,84.0,104404.0,47.9,71.0,80576.0,47.95,62.0,81851.0,48.0,149.0,98270.0,2593277.0,47.38
10637.40,36197.67,0,5077488.0,09:41:49,47.75,31.0,31895.0,47.7,40.0,46330.0,47.65,25.0,58426.0,47.6,35.0,48962.0,47.55,24.0,51145.0,2898764.0,47.8,23.0,17840.0,47.85,84.0,104404.0,47.9,71.0,80576.0,47.95,62.0,81851.0,48.0,149.0,98270.0,2593277.0,47.38
10639.05,36199.53,0,5095285.0,09:41:53,47.75,26.0,31970.0,47.7,42.0,62958.0,47.65,24.0,56007.0,47.6,35.0,48962.0,47.55,24.0,51145.0,2912948.0,47.8,7.0,7778.0,47.85,86.0,105289.0,47.9,70.0,79876.0,47.95,62.0,81851.0,48.0,151.0,98395.0,2592575.0,47.38
10640.55,36205.86,0,5095385.0,09:41:55,47.75,24.0,27402.0,47.7,42.0,65426.0,47.65,24.0,56007.0,47.6,35.0,48962.0,47.55,24.0,51145.0,2910948.0,47.8,9.0,8896.0,47.85,85.0,105189.0,47.9,70.0,79876.0,47.95,62.0,81851.0,48.0,151.0,98395.0,2593643.0,47.38
10641.60,36202.54,0,5095385.0,09:41:55,47.75,24.0,27402.0,47.7,42.0,65426.0,47.65,24.0,56007.0,47.6,35.0,48962.0,47.55,24.0,51145.0,2910948.0,47.8,9.0,8896.0,47.85,85.0,105189.0,47.9,70.0,79876.0,47.95,62.0,81851.0,48.0,151.0,98395.0,2593643.0,47.38
10644.20,36212.53,0,5100495.0,09:41:56,47.75,21.0,21186.0,47.7,43.0,65428.0,47.65,24.0,56007.0,47.6,35.0,48962.0,47.55,24.0,51145.0,2905734.0,47.8,14.0,29286.0,47.85,84.0,103189.0,47.9,70.0,79876.0,47.95,62.0,81851.0,48.0,152.0,98595.0,2613053.0,47.38
10643.10,36210.89,0,5149665.0,09:41:58,47.7,6.0,12143.0,47.65,32.0,71088.0,47.6,37.0,51042.0,47.55,23.0,42945.0,47.5,42.0,92925.0,2855631.0,47.75,13.0,17552.0,47.8,24.0,45409.0,47.85,72.0,89899.0,47.9,69.0,78796.0,47.95,62.0,81520.0,2615534.0,47.38
10642.75,36210.87,0,5150768.0,09:41:59,47.7,8.0,14241.0,47.65,35.0,74491.0,47.6,37.0,51042.0,47.55,23.0,42945.0,47.5,43.0,92930.0,2861637.0,47.75,16.0,18306.0,47.8,37.0,61376.0,47.85,73.0,90979.0,47.9,69.0,78796.0,47.95,62.0,81520.0,2659435.0,47.38
10643.45,36217.71,0,5151724.0,09:42:00,47.7,9.0,16197.0,47.65,35.0,74491.0,47.6,37.0,51042.0,47.55,23.0,42945.0,47.5,44.0,92932.0,2863995.0,47.75,13.0,14801.0,47.8,36.0,57921.0,47.85,78.0,105598.0,47.9,69.0,78796.0,47.95,62.0,81520.0,2668094.0,47.38
10643.55,36217.46,0,5151724.0,09:42:00,47.7,9.0,16197.0,47.65,35.0,74491.0,47.6,37.0,51042.0,47.55,23.0,42945.0,47.5,44.0,92932.0,2863995.0,47.75,13.0,14801.0,47.8,36.0,57921.0,47.85,78.0,105598.0,47.9,69.0,78796.0,47.95,62.0,81520.0,2668094.0,47.38
10643.85,36220.14,0,5151824.0,09:42:02,47.7,11.0,18897.0,47.65,35.0,74491.0,47.6,37.0,51042.0,47.55,23.0,42945.0,47.5,44.0,92932.0,2866705.0,47.75,11.0,10770.0,47.8,36.0,56356.0,47.85,80.0,105777.0,47.9,68.0,78396.0,47.95,63.0,81861.0,2669795.0,47.38
10644.55,36220.55,0,5151824.0,09:42:02,47.7,7.0,11506.0,47.65,27.0,62074.0,47.6,35.0,48962.0,47.55,23.0,42945.0,47.5,45.0,92933.0,2844918.0,47.75,16.0,17218.0,47.8,43.0,79252.0,47.85,75.0,115793.0,47.9,68.0,78396.0,47.95,63.0,83520.0,2703487.0,47.38
10644.35,36221.31,0,5151833.0,09:42:06,47.7,4.0,5028.0,47.65,35.0,70773.0,47.6,38.0,55074.0,47.55,23.0,42945.0,47.5,45.0,92933.0,2853252.0,47.75,19.0,19564.0,47.8,49.0,86271.0,47.85,74.0,112924.0,47.9,66.0,77306.0,47.95,63.0,83520.0,2708984.0,47.38
10643.85,36216.58,0,5151833.0,09:42:06,47.7,4.0,5028.0,47.65,35.0,70773.0,47.6,38.0,55074.0,47.55,23.0,42945.0,47.5,45.0,92933.0,2853252.0,47.75,19.0,19564.0,47.8,49.0,86271.0,47.85,74.0,112924.0,47.9,66.0,77306.0,47.95,63.0,83520.0,2708984.0,47.38
10644.05,36218.21,0,5160943.0,09:42:07,47.7,7.0,8844.0,47.65,35.0,70773.0,47.6,38.0,55074.0,47.55,23.0,42945.0,47.5,45.0,92933.0,2857219.0,47.75,18.0,19204.0,47.8,52.0,87621.0,47.85,74.0,112924.0,47.9,66.0,77306.0,47.95,63.0,83520.0,2711974.0,47.38
10644.85,36219.22,0,5160943.0,09:42:07,47.7,7.0,8844.0,47.65,35.0,70773.0,47.6,38.0,55074.0,47.55,23.0,42945.0,47.5,47.0,92952.0,2857988.0,47.75,18.0,19204.0,47.8,52.0,87621.0,47.85,73.0,112424.0,47.9,66.0,77306.0,47.95,63.0,83520.0,2711979.0,47.38
10644.35,36214.49,0,5161043.0,09:42:09,47.7,3.0,4510.0,47.65,35.0,70773.0,47.6,39.0,55174.0,47.55,23.0,42945.0,47.5,48.0,92977.0,2848499.0,47.75,19.0,19554.0,47.8,52.0,87621.0,47.85,73.0,112424.0,47.9,66.0,77306.0,47.95,63.0,83520.0,2712329.0,47.38
10645.50,36217.42,0,5161043.0,09:42:09,47.7,3.0,4510.0,47.65,35.0,70773.0,47.6,39.0,55174.0,47.55,23.0,42945.0,47.5,48.0,92977.0,2848499.0,47.75,19.0,19554.0,47.8,52.0,87621.0,47.85,73.0,112424.0,47.9,66.0,77306.0,47.95,63.0,83520.0,2712329.0,47.38
10647.65,36229.37,0,5161059.0,09:42:12,47.7,14.0,16969.0,47.65,34.0,70459.0,47.6,39.0,55174.0,47.55,23.0,42945.0,47.5,49.0,92986.0,2875655.0,47.75,12.0,22541.0,47.8,45.0,50356.0,47.85,79.0,117222.0,47.9,66.0,77306.0,47.95,64.0,83861.0,2690627.0,47.38
10648.40,36229.48,0,5162099.0,09:42:13,47.7,14.0,16644.0,47.65,34.0,70459.0,47.6,39.0,55174.0,47.55,23.0,42945.0,47.5,50.0,93336.0,2875885.0,47.75,15.0,29025.0,47.8,54.0,78025.0,47.85,74.0,118069.0,47.9,66.0,77306.0,47.95,63.0,83520.0,2717759.0,47.38
10649.60,36227.61,0,5180425.0,09:42:16,47.75,5.0,6574.0,47.7,27.0,35890.0,47.65,28.0,64737.0,47.6,36.0,49062.0,47.55,24.0,51145.0,2887530.0,47.8,38.0,47894.0,47.85,83.0,123959.0,47.9,66.0,73386.0,47.95,64.0,83861.0,48.0,152.0,98895.0,2722788.0,47.39
10649.85,36237.24,0,5180425.0,09:42:16,47.75,5.0,6574.0,47.7,27.0,35890.0,47.65,28.0,64737.0,47.6,36.0,49062.0,47.55,24.0,51145.0,2887530.0,47.8,38.0,47894.0,47.85,83.0,123959.0,47.9,66.0,73386.0,47.95,64.0,83861.0,48.0,152.0,98895.0,2722788.0,47.39
10653.65,36249.02,0,5180425.0,09:42:16,47.75,5.0,6574.0,47.7,27.0,35890.0,47.65,28.0,64737.0,47.6,36.0,49062.0,47.55,24.0,51145.0,2887530.0,47.8,38.0,47894.0,47.85,83.0,123959.0,47.9,66.0,73386.0,47.95,64.0,83861.0,48.0,152.0,98895.0,2722788.0,47.39
10650.00,36244.07,0,5180425.0,09:42:16,47.75,5.0,6574.0,47.7,27.0,35890.0,47.65,28.0,64737.0,47.6,36.0,49062.0,47.55,24.0,51145.0,2887530.0,47.8,38.0,47894.0,47.85,83.0,123959.0,47.9,66.0,73386.0,47.95,64.0,83861.0,48.0,152.0,98895.0,2722788.0,47.39
10650.75,36241.02,0,5197198.0,09:42:20,47.7,23.0,23241.0,47.65,31.0,55896.0,47.6,41.0,56424.0,47.55,23.0,42945.0,47.5,53.0,98201.0,2876230.0,47.75,8.0,25824.0,47.8,48.0,70538.0,47.85,78.0,104216.0,47.9,65.0,72306.0,47.95,64.0,83861.0,2748065.0,47.39
10650.75,36243.93,0,5197198.0,09:42:20,47.7,23.0,23241.0,47.65,31.0,55896.0,47.6,41.0,56424.0,47.55,23.0,42945.0,47.5,53.0,98201.0,2876230.0,47.75,8.0,25824.0,47.8,48.0,70538.0,47.85,78.0,104216.0,47.9,65.0,72306.0,47.95,64.0,83861.0,2748065.0,47.39
10651.20,36242.89,0,5208613.0,09:42:21,47.7,19.0,15780.0,47.65,31.0,55896.0,47.6,40.0,56324.0,47.55,23.0,42945.0,47.5,54.0,98301.0,2873081.0,47.75,16.0,33916.0,47.8,50.0,74086.0,47.85,78.0,104216.0,47.9,65.0,72306.0,47.95,64.0,83861.0,2756115.0,47.39
10650.90,36240.25,0,5209228.0,09:42:22,47.7,29.0,43076.0,47.65,32.0,69622.0,47.6,35.0,48962.0,47.55,25.0,59345.0,47.5,53.0,90101.0,2914175.0,47.75,14.0,26107.0,47.8,50.0,71599.0,47.85,77.0,103216.0,47.9,65.0,72306.0,47.95,64.0,83861.0,2752176.0,47.39
10649.70,36238.32,0,5210258.0,09:42:24,47.7,19.0,21400.0,47.65,24.0,43793.0,47.6,37.0,53930.0,47.55,23.0,42945.0,47.5,54.0,98301.0,2867600.0,47.75,33.0,51163.0,47.8,43.0,63648.0,47.85,76.0,105473.0,47.9,65.0,72306.0,47.95,64.0,83861.0,2760394.0,47.39
10651.65,36243.59,0,5211258.0,09:42:26,47.7,18.0,13286.0,47.65,34.0,56650.0,47.6,40.0,56324.0,47.55,23.0,42945.0,47.5,53.0,97301.0,2874777.0,47.75,35.0,50688.0,47.8,43.0,77129.0,47.85,76.0,105473.0,47.9,65.0,72306.0,47.95,64.0,83861.0,2773900.0,47.39
10651.95,36245.42,0,5211258.0,09:42:26,47.7,18.0,13286.0,47.65,34.0,56650.0,47.6,40.0,56324.0,47.55,23.0,42945.0,47.5,53.0,97301.0,2874777.0,47.75,35.0,50688.0,47.8,43.0,77129.0,47.85,76.0,105473.0,47.9,65.0,72306.0,47.95,64.0,83861.0,2773900.0,47.39
10651.65,36251.57,0,5218258.0,09:42:28,47.7,22.0,12705.0,47.65,33.0,56336.0,47.6,40.0,56324.0,47.55,23.0,42945.0,47.5,53.0,97301.0,2874086.0,47.75,23.0,26201.0,47.8,50.0,73030.0,47.85,76.0,103196.0,47.9,65.0,72306.0,47.95,64.0,83861.0,2747074.0,47.39
10650.85,36243.48,0,5219598.0,09:42:29,47.7,21.0,10705.0,47.65,33.0,56336.0,47.6,40.0,56324.0,47.55,24.0,42950.0,47.5,53.0,97301.0,2873161.0,47.75,25.0,26175.0,47.8,49.0,72716.0,47.85,76.0,103196.0,47.9,65.0,72306.0,47.95,64.0,83861.0,2746844.0,47.39
10649.05,36240.40,0,5219598.0,09:42:29,47.7,21.0,10705.0,47.65,33.0,56336.0,47.6,40.0,56324.0,47.55,24.0,42950.0,47.5,53.0,97301.0,2873161.0,47.75,25.0,26175.0,47.8,49.0,72716.0,47.85,76.0,103196.0,47.9,65.0,72306.0,47.95,64.0,83861.0,2746844.0,47.39
10648.15,36234.57,0,5219598.0,09:42:29,47.7,18.0,7289.0,47.65,28.0,49015.0,47.6,35.0,49460.0,47.55,24.0,42950.0,47.5,55.0,97381.0,2856190.0,47.75,37.0,41771.0,47.8,42.0,61648.0,47.85,76.0,105703.0,47.9,64.0,71306.0,47.95,63.0,83520.0,2749623.0,47.39
10648.80,36233.39,0,5221224.0,09:42:33,47.7,34.0,39473.0,47.65,32.0,52420.0,47.6,35.0,57160.0,47.55,25.0,51150.0,47.5,55.0,89184.0,2894815.0,47.75,19.0,15401.0,47.8,48.0,66478.0,47.85,76.0,101077.0,47.9,65.0,73725.0,47.95,64.0,83861.0,2738361.0,47.39
10649.80,36239.41,0,5221224.0,09:42:33,47.7,34.0,39473.0,47.65,32.0,52420.0,47.6,35.0,57160.0,47.55,25.0,51150.0,47.5,55.0,89184.0,2894815.0,47.75,19.0,15401.0,47.8,48.0,66478.0,47.85,76.0,101077.0,47.9,65.0,73725.0,47.95,64.0,83861.0,2738361.0,47.39
10649.75,36240.48,0,5235060.0,09:42:34,47.65,25.0,45821.0,47.6,46.0,64957.0,47.55,25.0,51150.0,47.5,55.0,97381.0,47.45,20.0,45344.0,2871072.0,47.75,42.0,44994.0,47.8,44.0,78151.0,47.85,73.0,96939.0,47.9,63.0,70606.0,47.95,63.0,83520.0,2761085.0,47.39
10650.05,36245.07,0,5235370.0,09:42:36,47.65,25.0,45821.0,47.6,46.0,64957.0,47.55,25.0,51150.0,47.5,55.0,97381.0,47.45,20.0,45344.0,2871082.0,47.75,46.0,52978.0,47.8,42.0,75032.0,47.85,74.0,96979.0,47.9,63.0,70646.0,47.95,62.0,81020.0,2766830.0,47.39
10649.70,36247.09,0,5235370.0,09:42:36,47.65,25.0,45821.0,47.6,46.0,64957.0,47.55,25.0,51150.0,47.5,55.0,97381.0,47.45,20.0,45344.0,2871082.0,47.75,46.0,52978.0,47.8,42.0,75032.0,47.85,74.0,96979.0,47.9,63.0,70646.0,47.95,62.0,81020.0,2766830.0,47.39
10649.55,36242.40,0,5236870.0,09:42:38,47.65,25.0,43781.0,47.6,46.0,64957.0,47.55,25.0,51150.0,47.5,55.0,97381.0,47.45,20.0,45344.0,2869042.0,47.75,35.0,37561.0,47.8,42.0,73577.0,47.85,74.0,96979.0,47.9,63.0,70646.0,47.95,62.0,81020.0,2754958.0,47.39
10650.40,36240.99,0,5236870.0,09:42:38,47.65,25.0,47513.0,47.6,46.0,64957.0,47.55,25.0,51150.0,47.5,55.0,97381.0,47.45,20.0,45344.0,2877916.0,47.7,2.0,1837.0,47.75,36.0,38820.0,47.8,44.0,74477.0,47.85,74.0,96979.0,47.9,63.0,70646.0,2758954.0,47.39
10650.10,36244.03,0,5238770.0,09:42:41,47.65,24.0,43615.0,47.6,46.0,67006.0,47.55,25.0,45369.0,47.5,56.0,105581.0,47.45,20.0,45344.0,2878340.0,47.7,10.0,9664.0,47.75,46.0,55024.0,47.8,45.0,75557.0,47.85,67.0,96711.0,47.9,61.0,74406.0,2786522.0,47.39
10649.30,36245.48,0,5238770.0,09:42:41,47.65,24.0,43615.0,47.6,46.0,67006.0,47.55,25.0,45369.0,47.5,56.0,105581.0,47.45,20.0,45344.0,2878340.0,47.7,10.0,9664.0,47.75,46.0,55024.0,47.8,45.0,75557.0,47.85,67.0,96711.0,47.9,61.0,74406.0,2786522.0,47.39
10647.60,36237.47,0,5238970.0,09:42:42,47.65,12.0,10588.0,47.6,40.0,47834.0,47.55,32.0,55362.0,47.5,53.0,85344.0,47.45,22.0,57381.0,2835888.0,47.7,23.0,27346.0,47.75,46.0,62127.0,47.8,44.0,74477.0,47.85,69.0,105411.0,47.9,57.0,62788.0,2795765.0,47.39
10646.75,36227.08,0,5249620.0,09:42:45,47.6,39.0,56031.0,47.55,31.0,50894.0,47.5,54.0,93544.0,47.45,22.0,57381.0,47.4,31.0,52468.0,2837229.0,47.65,6.0,5921.0,47.7,30.0,36439.0,47.75,37.0,52218.0,47.8,44.0,74477.0,47.85,70.0,105511.0,2800162.0,47.39
10646.50,36228.16,0,5249620.0,09:42:45,47.6,39.0,56031.0,47.55,31.0,50894.0,47.5,54.0,93544.0,47.45,22.0,57381.0,47.4,31.0,52468.0,2837229.0,47.65,6.0,5921.0,47.7,30.0,36439.0,47.75,37.0,52218.0,47.8,44.0,74477.0,47.85,70.0,105511.0,2800162.0,47.39
10647.40,36231.07,0,5250621.0,09:42:45,47.6,39.0,56031.0,47.55,31.0,50894.0,47.5,54.0,93544.0,47.45,22.0,57381.0,47.4,32.0,53486.0,2838247.0,47.65,2.0,1829.0,47.7,32.0,39173.0,47.75,37.0,50799.0,47.8,45.0,74977.0,47.85,70.0,105211.0,2796885.0,47.39
10648.30,36234.14,0,5252307.0,09:42:48,47.65,3.0,2204.0,47.6,39.0,48094.0,47.55,31.0,50894.0,47.5,53.0,82344.0,47.45,22.0,57381.0,2821464.0,47.7,30.0,35409.0,47.75,41.0,55493.0,47.8,45.0,74977.0,47.85,71.0,108085.0,47.9,57.0,62788.0,2799170.0,47.39
10648.30,36234.14,0,5252307.0,09:42:48,47.65,3.0,2204.0,47.6,39.0,48094.0,47.55,31.0,50894.0,47.5,53.0,82344.0,47.45,22.0,57381.0,2821464.0,47.7,30.0,35409.0,47.75,41.0,55493.0,47.8,45.0,74977.0,47.85,71.0,108085.0,47.9,57.0,62788.0,2799170.0,47.39
10649.60,36233.66,0,5252315.0,09:42:50,47.65,14.0,30959.0,47.6,49.0,73054.0,47.55,25.0,45369.0,47.5,55.0,98744.0,47.45,21.0,49181.0,2871000.0,47.7,10.0,8472.0,47.75,49.0,65404.0,47.8,48.0,76607.0,47.85,70.0,108035.0,47.9,56.0,62429.0,2789581.0,47.39
10649.60,36233.66,0,5252414.0,09:42:51,47.65,12.0,25092.0,47.6,49.0,77472.0,47.55,25.0,45369.0,47.5,55.0,98744.0,47.45,21.0,49181.0,2869651.0,47.7,15.0,12638.0,47.75,51.0,65904.0,47.8,48.0,76607.0,47.85,70.0,84397.0,47.9,55.0,61929.0,2769579.0,47.39
10648.95,36234.61,0,5261895.0,09:42:53,47.65,17.0,28523.0,47.6,49.0,79291.0,47.55,25.0,51150.0,47.5,55.0,90548.0,47.45,21.0,49181.0,2872491.0,47.7,7.0,4362.0,47.75,49.0,61510.0,47.8,48.0,76607.0,47.85,69.0,77697.0,47.9,55.0,66251.0,2756308.0,47.39
10648.40,36236.70,0,5261895.0,09:42:53,47.65,17.0,28523.0,47.6,49.0,79291.0,47.55,25.0,51150.0,47.5,55.0,90548.0,47.45,21.0,49181.0,2872491.0,47.7,7.0,4362.0,47.75,49.0,61510.0,47.8,48.0,76607.0,47.85,69.0,77697.0,47.9,55.0,66251.0,2756308.0,47.39
10647.70,36235.47,0,5264544.0,09:42:55,47.65,4.0,568.0,47.6,40.0,51829.0,47.55,32.0,51094.0,47.5,55.0,83348.0,47.45,22.0,57381.0,2825974.0,47.7,18.0,21911.0,47.75,53.0,78820.0,47.8,46.0,66107.0,47.85,70.0,77907.0,47.9,57.0,67092.0,2773011.0,47.39
10646.05,36225.12,0,5265137.0,09:42:57,47.6,36.0,54186.0,47.55,34.0,52409.0,47.5,56.0,90648.0,47.45,22.0,57381.0,47.4,33.0,53488.0,2837378.0,47.65,8.0,8402.0,47.7,33.0,38595.0,47.75,40.0,62148.0,47.8,45.0,73207.0,47.85,70.0,82068.0,2782625.0,47.39
10645.65,36223.48,0,5265137.0,09:42:57,47.6,36.0,54186.0,47.55,34.0,52409.0,47.5,56.0,90648.0,47.45,22.0,57381.0,47.4,33.0,53488.0,2837378.0,47.65,8.0,8402.0,47.7,33.0,38595.0,47.75,40.0,62148.0,47.8,45.0,73207.0,47.85,70.0,82068.0,2782625.0,47.39
10644.45,36227.86,0,5265158.0,09:42:59,47.6,34.0,48217.0,47.55,35.0,56877.0,47.5,57.0,90676.0,47.45,22.0,57381.0,47.4,33.0,53488.0,2836405.0,47.65,8.0,7997.0,47.7,36.0,40646.0,47.75,41.0,83315.0,47.8,45.0,73207.0,47.85,71.0,82468.0,2805438.0,47.39
10645.70,36225.40,0,5267812.0,09:43:00,47.6,34.0,47567.0,47.55,35.0,56877.0,47.5,57.0,90601.0,47.45,22.0,57381.0,47.4,33.0,47588.0,2834894.0,47.65,9.0,7634.0,47.7,36.0,40646.0,47.75,45.0,88331.0,47.8,44.0,73007.0,47.85,70.0,82127.0,2809550.0,47.39
10645.70,36224.65,0,5267812.0,09:43:00,47.6,34.0,47567.0,47.55,35.0,56877.0,47.5,57.0,90601.0,47.45,22.0,57381.0,47.4,33.0,47588.0,2834894.0,47.65,9.0,7634.0,47.7,36.0,40646.0,47.75,45.0,88331.0,47.8,44.0,73007.0,47.85,70.0,82127.0,2809550.0,47.39
10645.65,36227.90,0,5268173.0,09:43:02,47.6,35.0,47516.0,47.55,35.0,56877.0,47.5,58.0,91101.0,47.45,22.0,57381.0,47.4,33.0,47588.0,2835443.0,47.65,13.0,16687.0,47.7,39.0,40862.0,47.75,45.0,88331.0,47.8,45.0,73507.0,47.85,69.0,81468.0,2819785.0,47.39
10646.20,36223.37,0,5268244.0,09:43:03,47.6,34.0,46216.0,47.55,35.0,56877.0,47.5,58.0,91101.0,47.45,22.0,57381.0,47.4,33.0,47588.0,2837268.0,47.65,12.0,14831.0,47.7,40.0,40912.0,47.75,45.0,88331.0,47.8,45.0,73507.0,47.85,69.0,81468.0,2818479.0,47.39
10646.95,36228.01,0,5272624.0,09:43:05,47.6,23.0,33355.0,47.55,36.0,58220.0,47.5,60.0,87020.0,47.45,23.0,65581.0,47.4,33.0,47588.0,2830009.0,47.65,16.0,19667.0,47.7,40.0,40912.0,47.75,45.0,88331.0,47.8,46.0,76379.0,47.85,68.0,80154.0,2824991.0,47.39
10647.10,36230.83,0,5272624.0,09:43:05,47.6,23.0,33355.0,47.55,36.0,58220.0,47.5,60.0,87020.0,47.45,23.0,65581.0,47.4,33.0,47588.0,2830009.0,47.65,16.0,19667.0,47.7,40.0,40912.0,47.75,45.0,88331.0,47.8,46.0,76379.0,47.85,68.0,80154.0,2824991.0,47.39
10647.00,36228.75,0,5272624.0,09:43:05,47.6,23.0,33355.0,47.55,36.0,58220.0,47.5,60.0,87020.0,47.45,23.0,65581.0,47.4,33.0,47588.0,2830009.0,47.65,16.0,19667.0,47.7,40.0,40912.0,47.75,45.0,88331.0,47.8,46.0,76379.0,47.85,68.0,80154.0,2824991.0,47.39
10647.10,36227.35,0,5272624.0,09:43:05,47.6,23.0,33355.0,47.55,36.0,58220.0,47.5,60.0,87020.0,47.45,23.0,65581.0,47.4,33.0,47588.0,2830009.0,47.65,16.0,19667.0,47.7,40.0,40912.0,47.75,45.0,88331.0,47.8,46.0,76379.0,47.85,68.0,80154.0,2824991.0,47.39
10646.55,36227.97,0,5286559.0,09:43:09,47.6,15.0,18424.0,47.55,37.0,58820.0,47.5,59.0,86717.0,47.45,23.0,65581.0,47.4,33.0,47588.0,2820571.0,47.65,19.0,22985.0,47.7,41.0,45029.0,47.75,45.0,79801.0,47.8,47.0,76429.0,47.85,69.0,85854.0,2832729.0,47.39
10647.10,36228.64,0,5287713.0,09:43:10,47.6,17.0,18374.0,47.55,37.0,58820.0,47.5,59.0,86717.0,47.45,24.0,65881.0,47.4,33.0,47588.0,2820956.0,47.65,21.0,23981.0,47.7,41.0,45029.0,47.75,44.0,78801.0,47.8,46.0,76379.0,47.85,69.0,85854.0,2832775.0,47.39
10647.25,36228.77,0,5287713.0,09:43:10,47.6,17.0,18374.0,47.55,37.0,58820.0,47.5,59.0,86717.0,47.45,24.0,65881.0,47.4,33.0,47588.0,2820956.0,47.65,21.0,23981.0,47.7,41.0,45029.0,47.75,44.0,78801.0,47.8,46.0,76379.0,47.85,69.0,85854.0,2832775.0,47.39
10646.55,36229.95,0,5287713.0,09:43:10,47.6,17.0,18374.0,47.55,39.0,61939.0,47.5,58.0,91798.0,47.45,23.0,57681.0,47.4,33.0,47588.0,2821456.0,47.65,21.0,23981.0,47.7,42.0,47679.0,47.75,44.0,78801.0,47.8,46.0,76379.0,47.85,70.0,85922.0,2832843.0,47.39
10646.35,36223.28,0,5291963.0,09:43:14,47.6,17.0,12075.0,47.55,25.0,35705.0,47.5,68.0,101983.0,47.45,23.0,47724.0,47.4,35.0,59625.0,2801687.0,47.65,21.0,28259.0,47.7,42.0,48107.0,47.75,45.0,78806.0,47.8,46.0,76379.0,47.85,71.0,86022.0,2833864.0,47.39
10647.40,36225.52,0,5291963.0,09:43:14,47.6,17.0,12075.0,47.55,25.0,35705.0,47.5,68.0,101983.0,47.45,23.0,47724.0,47.4,35.0,59625.0,2801687.0,47.65,21.0,28259.0,47.7,42.0,48107.0,47.75,45.0,78806.0,47.8,46.0,76379.0,47.85,71.0,86022.0,2833864.0,47.39
10647.40,36224.02,0,5292457.0,09:43:16,47.6,27.0,22922.0,47.55,36.0,64391.0,47.5,61.0,87737.0,47.45,23.0,62044.0,47.4,33.0,51315.0,2832984.0,47.65,14.0,16058.0,47.7,41.0,47282.0,47.75,45.0,78806.0,47.8,46.0,76379.0,47.85,72.0,86986.0,2826897.0,47.39
10646.45,36222.52,0,5306088.0,09:43:17,47.65,10.0,11722.0,47.6,36.0,47566.0,47.55,30.0,48361.0,47.5,60.0,100018.0,47.45,21.0,45644.0,2841248.0,47.7,15.0,8197.0,47.75,45.0,79511.0,47.8,45.0,68179.0,47.85,73.0,95186.0,47.9,58.0,63357.0,2780607.0,47.39
10646.75,36225.46,0,5307881.0,09:43:18,47.65,11.0,11688.0,47.6,45.0,69132.0,47.55,26.0,43742.0,47.5,61.0,100068.0,47.45,21.0,45644.0,2858361.0,47.7,14.0,7697.0,47.75,57.0,95528.0,47.8,46.0,69259.0,47.85,74.0,95236.0,47.9,58.0,63357.0,2798455.0,47.39
10649.95,36227.03,0,5311315.0,09:43:20,47.65,12.0,13400.0,47.6,46.0,69172.0,47.55,27.0,51942.0,47.5,61.0,91878.0,47.45,21.0,45644.0,2860458.0,47.7,12.0,6592.0,47.75,56.0,93681.0,47.8,47.0,73814.0,47.85,74.0,95236.0,47.9,58.0,63357.0,2800258.0,47.39
10650.60,36241.02,0,5311454.0,09:43:22,47.65,12.0,13261.0,47.6,46.0,69172.0,47.55,27.0,51942.0,47.5,59.0,90348.0,47.45,21.0,45644.0,2858889.0,47.7,12.0,6592.0,47.75,57.0,93701.0,47.8,48.0,75814.0,47.85,74.0,95236.0,47.9,58.0,63357.0,2802278.0,47.39
10650.85,36244.52,0,5311454.0,09:43:22,47.65,12.0,13261.0,47.6,46.0,69172.0,47.55,27.0,51942.0,47.5,59.0,90348.0,47.45,21.0,45644.0,2858889.0,47.7,12.0,6592.0,47.75,57.0,93701.0,47.8,48.0,75814.0,47.85,74.0,95236.0,47.9,58.0,63357.0,2802278.0,47.39
10653.55,36240.47,0,5311454.0,09:43:22,47.65,12.0,13261.0,47.6,46.0,69172.0,47.55,27.0,51942.0,47.5,59.0,90348.0,47.45,21.0,45644.0,2858889.0,47.7,12.0,6592.0,47.75,57.0,93701.0,47.8,48.0,75814.0,47.85,74.0,95236.0,47.9,58.0,63357.0,2802278.0,47.39
10652.50,36246.43,0,5320732.0,09:43:24,47.7,12.0,26321.0,47.65,28.0,51634.0,47.6,35.0,50619.0,47.55,27.0,54779.0,47.5,57.0,73148.0,2891813.0,47.75,33.0,40013.0,47.8,58.0,88779.0,47.85,72.0,83279.0,47.9,59.0,71557.0,47.95,53.0,79707.0,2763290.0,47.39
10652.85,36251.16,0,5321235.0,09:43:26,47.7,14.0,28236.0,47.65,28.0,51634.0,47.6,35.0,50619.0,47.55,27.0,54779.0,47.5,57.0,73148.0,2894728.0,47.75,33.0,40013.0,47.8,58.0,88779.0,47.85,72.0,83279.0,47.9,59.0,71557.0,47.95,53.0,79707.0,2763290.0,47.39
10652.50,36253.02,0,5321245.0,09:43:27,47.7,4.0,10558.0,47.65,21.0,30727.0,47.6,40.0,62305.0,47.55,26.0,43742.0,47.5,59.0,85185.0,2868929.0,47.75,41.0,57310.0,47.8,58.0,88779.0,47.85,72.0,83279.0,47.9,59.0,71557.0,47.95,54.0,80048.0,2773071.0,47.39
10648.95,36240.62,0,5321245.0,09:43:27,47.7,4.0,10558.0,47.65,21.0,30727.0,47.6,40.0,62305.0,47.55,26.0,43742.0,47.5,59.0,85185.0,2868929.0,47.75,41.0,57310.0,47.8,58.0,88779.0,47.85,72.0,83279.0,47.9,59.0,71557.0,47.95,54.0,80048.0,2773071.0,47.39
10648.05,36238.23,0,5321445.0,09:43:28,47.7,8.0,13390.0,47.65,23.0,30740.0,47.6,42.0,57974.0,47.55,27.0,44822.0,47.5,59.0,85185.0,2868528.0,47.75,39.0,46610.0,47.8,61.0,99319.0,47.85,72.0,83279.0,47.9,60.0,71657.0,47.95,54.0,80048.0,2773011.0,47.39
10647.35,36235.34,0,5321757.0,09:43:30,47.7,13.0,21982.0,47.65,30.0,41224.0,47.6,36.0,45538.0,47.55,27.0,59142.0,47.5,58.0,76985.0,2881313.0,47.75,36.0,34088.0,47.8,63.0,102819.0,47.85,71.0,81279.0,47.9,60.0,71657.0,47.95,54.0,79807.0,2769455.0,47.39
10647.35,36235.34,0,5321757.0,09:43:30,47.7,13.0,21982.0,47.65,30.0,41224.0,47.6,36.0,45538.0,47.55,27.0,59142.0,47.5,58.0,76985.0,2881313.0,47.75,36.0,34088.0,47.8,63.0,102819.0,47.85,71.0,81279.0,47.9,60.0,71657.0,47.95,54.0,79807.0,2769455.0,47.39
10649.55,36246.42,0,5325202.0,09:43:33,47.7,15.0,21662.0,47.65,34.0,61231.0,47.6,35.0,50619.0,47.55,27.0,50945.0,47.5,59.0,78985.0,2899884.0,47.75,22.0,21233.0,47.8,62.0,92719.0,47.85,71.0,81279.0,47.9,60.0,71657.0,47.95,54.0,79807.0,2746200.0,47.39
10649.60,36241.99,0,5334402.0,09:43:34,47.7,16.0,24681.0,47.65,34.0,61231.0,47.6,35.0,50619.0,47.55,27.0,50945.0,47.5,59.0,78985.0,2903053.0,47.75,17.0,12533.0,47.8,62.0,92719.0,47.85,72.0,81359.0,47.9,60.0,71657.0,47.95,54.0,79807.0,2737680.0,47.39
10649.60,36241.99,0,5334402.0,09:43:34,47.7,16.0,24681.0,47.65,34.0,61231.0,47.6,35.0,50619.0,47.55,27.0,50945.0,47.5,59.0,78985.0,2903053.0,47.75,17.0,12533.0,47.8,62.0,92719.0,47.85,72.0,81359.0,47.9,60.0,71657.0,47.95,54.0,79807.0,2737680.0,47.39
10648.75,36234.75,0,5334905.0,09:43:36,47.7,15.0,24178.0,47.65,35.0,61246.0,47.6,35.0,50619.0,47.55,27.0,50945.0,47.5,59.0,78985.0,2902503.0,47.75,17.0,15051.0,47.8,61.0,92319.0,47.85,72.0,81359.0,47.9,60.0,71657.0,47.95,54.0,79807.0,2740198.0,47.39
10648.75,36240.05,0,5335350.0,09:43:37,47.7,8.0,14046.0,47.65,24.0,30201.0,47.6,45.0,60804.0,47.55,26.0,42745.0,47.5,60.0,87185.0,2872061.0,47.75,26.0,31476.0,47.8,62.0,92320.0,47.85,72.0,81359.0,47.9,61.0,71817.0,47.95,55.0,80148.0,2751168.0,47.39
10648.90,36235.77,0,5335519.0,09:43:39,47.7,9.0,14181.0,47.65,24.0,30201.0,47.6,49.0,61369.0,47.55,27.0,42845.0,47.5,60.0,87185.0,2872561.0,47.75,26.0,31476.0,47.8,62.0,92320.0,47.85,72.0,81359.0,47.9,61.0,71817.0,47.95,55.0,80148.0,2753273.0,47.39
10648.65,36237.39,0,5335519.0,09:43:39,47.7,9.0,14181.0,47.65,24.0,30201.0,47.6,49.0,61369.0,47.55,27.0,42845.0,47.5,60.0,87185.0,2872561.0,47.75,26.0,31476.0,47.8,62.0,92320.0,47.85,72.0,81359.0,47.9,61.0,71817.0,47.95,55.0,80148.0,2753273.0,47.39
10649.60,36239.06,0,5335702.0,09:43:40,47.7,13.0,18509.0,47.65,35.0,59500.0,47.6,39.0,45023.0,47.55,29.0,59245.0,47.5,59.0,78985.0,2899020.0,47.75,17.0,12771.0,47.8,63.0,93320.0,47.85,71.0,80959.0,47.9,61.0,71817.0,47.95,56.0,80527.0,2743254.0,47.39
10647.50,36231.24,0,5335826.0,09:43:42,47.7,14.0,18807.0,47.65,32.0,56987.0,47.6,42.0,47603.0,47.55,28.0,51045.0,47.5,59.0,78985.0,2891335.0,47.75,25.0,23866.0,47.8,63.0,93320.0,47.85,69.0,80858.0,47.9,61.0,71817.0,47.95,56.0,80527.0,2755248.0,47.39
10647.50,36231.24,0,5335826.0,09:43:42,47.7,14.0,18807.0,47.65,32.0,56987.0,47.6,42.0,47603.0,47.55,28.0,51045.0,47.5,59.0,78985.0,2891335.0,47.75,25.0,23866.0,47.8,63.0,93320.0,47.85,69.0,80858.0,47.9,61.0,71817.0,47.95,56.0,80527.0,2755248.0,47.39
10647.45,36232.33,0,5336326.0,09:43:44,47.7,13.0,15524.0,47.65,25.0,30206.0,47.6,49.0,61369.0,47.55,27.0,42845.0,47.5,60.0,87185.0,2876047.0,47.75,26.0,31232.0,47.8,63.0,93320.0,47.85,69.0,80858.0,47.9,60.0,71815.0,47.95,57.0,80868.0,2755888.0,47.39
10648.50,36230.85,0,5336326.0,09:43:44,47.7,13.0,15524.0,47.65,25.0,30206.0,47.6,49.0,61369.0,47.55,27.0,42845.0,47.5,60.0,87185.0,2876047.0,47.75,26.0,31232.0,47.8,63.0,93320.0,47.85,69.0,80858.0,47.9,60.0,71815.0,47.95,57.0,80868.0,2755888.0,47.39
10648.85,36230.11,0,5336326.0,09:43:44,47.7,13.0,15524.0,47.65,25.0,30206.0,47.6,49.0,61369.0,47.55,27.0,42845.0,47.5,60.0,87185.0,2876047.0,47.75,26.0,31232.0,47.8,63.0,93320.0,47.85,69.0,80858.0,47.9,60.0,71815.0,47.95,57.0,80868.0,2755888.0,47.39
10647.45,36230.04,0,5339011.0,09:43:49,47.7,14.0,15812.0,47.65,26.0,34674.0,47.6,49.0,57901.0,47.55,27.0,42845.0,47.5,59.0,86185.0,2879845.0,47.75,28.0,35530.0,47.8,65.0,94318.0,47.85,69.0,80858.0,47.9,59.0,71315.0,47.95,56.0,80768.0,2760584.0,47.39
10646.10,36225.80,0,5339011.0,09:43:49,47.7,14.0,15812.0,47.65,26.0,34674.0,47.6,49.0,57901.0,47.55,27.0,42845.0,47.5,59.0,86185.0,2879845.0,47.75,28.0,35530.0,47.8,65.0,94318.0,47.85,69.0,80858.0,47.9,59.0,71315.0,47.95,56.0,80768.0,2760584.0,47.39
10646.45,36225.18,0,5340281.0,09:43:50,47.7,14.0,13812.0,47.65,28.0,35235.0,47.6,50.0,58181.0,47.55,27.0,42845.0,47.5,58.0,86175.0,2878801.0,47.75,29.0,37960.0,47.8,65.0,94318.0,47.85,70.0,80911.0,47.9,59.0,71315.0,47.95,56.0,80768.0,2763067.0,47.39
10646.45,36225.18,0,5340281.0,09:43:50,47.7,14.0,13812.0,47.65,28.0,35235.0,47.6,50.0,58181.0,47.55,27.0,42845.0,47.5,58.0,86175.0,2878801.0,47.75,29.0,37960.0,47.8,65.0,94318.0,47.85,70.0,80911.0,47.9,59.0,71315.0,47.95,56.0,80768.0,2763067.0,47.39
10646.45,36225.18,0,5340281.0,09:43:50,47.7,14.0,13812.0,47.65,28.0,35235.0,47.6,50.0,58181.0,47.55,27.0,42845.0,47.5,58.0,86175.0,2878801.0,47.75,29.0,37960.0,47.8,65.0,94318.0,47.85,70.0,80911.0,47.9,59.0,71315.0,47.95,56.0,80768.0,2763067.0,47.39
10647.25,36226.10,0,5343658.0,09:43:53,47.7,12.0,7805.0,47.65,27.0,35225.0,47.6,50.0,58181.0,47.55,27.0,42845.0,47.5,58.0,86176.0,2872808.0,47.75,30.0,37900.0,47.8,66.0,95318.0,47.85,70.0,80911.0,47.9,59.0,70368.0,47.95,57.0,80773.0,2764465.0,47.39
10646.05,36223.69,0,5343859.0,09:43:54,47.7,13.0,8145.0,47.65,27.0,35225.0,47.6,50.0,58181.0,47.55,27.0,42845.0,47.5,58.0,86176.0,2874448.0,47.75,30.0,37700.0,47.8,66.0,95318.0,47.85,70.0,80911.0,47.9,59.0,70368.0,47.95,57.0,80773.0,2766825.0,47.39
10645.30,36222.76,0,5344969.0,09:43:56,47.7,11.0,5462.0,47.65,28.0,35539.0,47.6,50.0,58181.0,47.55,27.0,42845.0,47.5,58.0,86176.0,2872079.0,47.75,31.0,37750.0,47.8,66.0,95318.0,47.85,69.0,79911.0,47.9,59.0,70368.0,47.95,57.0,80773.0,2765775.0,47.39
10646.60,36226.15,0,5347187.0,09:43:57,47.7,11.0,4868.0,47.65,26.0,30597.0,47.6,50.0,58181.0,47.55,27.0,42845.0,47.5,60.0,86686.0,2871221.0,47.75,42.0,50021.0,47.8,58.0,84075.0,47.85,69.0,82668.0,47.9,59.0,70368.0,47.95,57.0,80385.0,2765335.0,47.39
10645.75,36221.84,0,5347187.0,09:43:57,47.7,11.0,4868.0,47.65,26.0,30597.0,47.6,50.0,58181.0,47.55,27.0,42845.0,47.5,60.0,86686.0,2871221.0,47.75,42.0,50021.0,47.8,58.0,84075.0,47.85,69.0,82668.0,47.9,59.0,70368.0,47.95,57.0,80385.0,2765335.0,47.39
10645.15,36221.83,0,5347187.0,09:43:57,47.7,15.0,8096.0,47.65,27.0,34714.0,47.6,49.0,58141.0,47.55,27.0,42845.0,47.5,60.0,86686.0,2874909.0,47.75,31.0,36532.0,47.8,66.0,80324.0,47.85,69.0,79911.0,47.9,59.0,70368.0,47.95,57.0,80626.0,2749416.0,47.39
10645.05,36223.66,0,5347390.0,09:44:01,47.7,23.0,21851.0,47.65,37.0,57110.0,47.6,39.0,45263.0,47.55,29.0,59245.0,47.5,60.0,78487.0,2947983.0,47.75,26.0,22987.0,47.8,65.0,79499.0,47.85,69.0,79911.0,47.9,59.0,70368.0,47.95,57.0,80626.0,2742807.0,47.39
10645.40,36222.53,0,5348390.0,09:44:02,47.7,21.0,21270.0,47.65,40.0,61229.0,47.6,38.0,50344.0,47.55,28.0,51045.0,47.5,61.0,78537.0,2948562.0,47.75,23.0,17582.0,47.8,63.0,78849.0,47.85,69.0,79911.0,47.9,59.0,70368.0,47.95,57.0,80626.0,2736952.0,47.39
10646.95,36219.17,0,5348390.0,09:44:02,47.7,21.0,21270.0,47.65,40.0,61229.0,47.6,38.0,50344.0,47.55,28.0,51045.0,47.5,61.0,78537.0,2948562.0,47.75,23.0,17582.0,47.8,63.0,78849.0,47.85,69.0,79911.0,47.9,59.0,70368.0,47.95,57.0,80626.0,2736952.0,47.39
10646.30,36223.73,0,5348390.0,09:44:02,47.7,22.0,21275.0,47.65,42.0,61354.0,47.6,37.0,50244.0,47.55,28.0,51045.0,47.5,62.0,81627.0,2951657.0,47.75,25.0,20082.0,47.8,63.0,78849.0,47.85,69.0,79911.0,47.9,59.0,70368.0,47.95,57.0,80626.0,2739852.0,47.39
10645.90,36217.77,0,5348410.0,09:44:06,47.7,22.0,16809.0,47.65,43.0,65822.0,47.6,37.0,50244.0,47.55,28.0,51045.0,47.5,62.0,81627.0,2951634.0,47.75,26.0,18924.0,47.8,63.0,78849.0,47.85,69.0,79911.0,47.9,59.0,70368.0,47.95,56.0,80285.0,2737906.0,47.39
10646.80,36224.85,0,5348410.0,09:44:06,47.7,22.0,16809.0,47.65,43.0,65822.0,47.6,37.0,50244.0,47.55,28.0,51045.0,47.5,62.0,81627.0,2951634.0,47.75,26.0,18924.0,47.8,63.0,78849.0,47.85,69.0,79911.0,47.9,59.0,70368.0,47.95,56.0,80285.0,2737906.0,47.39
10648.85,36225.55,0,5350120.0,09:44:07,47.7,24.0,19055.0,47.65,43.0,65822.0,47.6,37.0,50244.0,47.55,28.0,51045.0,47.5,62.0,81627.0,2953930.0,47.75,26.0,17123.0,47.8,63.0,78849.0,47.85,69.0,79911.0,47.9,61.0,72368.0,47.95,57.0,80626.0,2739146.0,47.39
10648.85,36230.01,0,5483339.0,09:44:09,47.75,15.0,25539.0,47.7,40.0,49635.0,47.65,30.0,53767.0,47.6,37.0,50244.0,47.55,27.0,42064.0,2980171.0,47.8,2.0,394.0,47.85,76.0,87785.0,47.9,61.0,65248.0,47.95,56.0,84648.0,48.0,147.0,100448.0,2661309.0,47.4
10650.70,36234.51,0,5483339.0,09:44:09,47.75,15.0,25539.0,47.7,40.0,49635.0,47.65,30.0,53767.0,47.6,37.0,50244.0,47.55,27.0,42064.0,2980171.0,47.8,2.0,394.0,47.85,76.0,87785.0,47.9,61.0,65248.0,47.95,56.0,84648.0,48.0,147.0,100448.0,2661309.0,47.4
10652.70,36235.72,0,5484280.0,09:44:11,47.8,5.0,5456.0,47.75,20.0,30065.0,47.7,40.0,64429.0,47.65,29.0,45567.0,47.6,37.0,50244.0,2995729.0,47.85,70.0,66437.0,47.9,62.0,61003.0,47.95,54.0,76148.0,48.0,148.0,104961.0,48.05,29.0,53815.0,2636040.0,47.4
10652.45,36246.16,0,5484890.0,09:44:12,47.8,10.0,10189.0,47.75,22.0,38650.0,47.7,41.0,61961.0,47.65,28.0,44567.0,47.6,37.0,50244.0,3003262.0,47.85,56.0,48738.0,47.9,70.0,60227.0,47.95,56.0,77569.0,48.0,147.0,98961.0,48.05,29.0,53815.0,2619039.0,47.4
10653.00,36248.45,0,5484890.0,09:44:12,47.8,10.0,10189.0,47.75,22.0,38650.0,47.7,41.0,61961.0,47.65,28.0,44567.0,47.6,37.0,50244.0,3003262.0,47.85,56.0,48738.0,47.9,70.0,60227.0,47.95,56.0,77569.0,48.0,147.0,98961.0,48.05,29.0,53815.0,2619039.0,47.4
10654.35,36248.45,0,5485194.0,09:44:15,47.8,13.0,12433.0,47.75,24.0,39250.0,47.7,42.0,61986.0,47.65,27.0,36367.0,47.6,37.0,50244.0,2998759.0,47.85,56.0,48538.0,47.9,70.0,60227.0,47.95,56.0,77569.0,48.0,147.0,98961.0,48.05,29.0,53815.0,2619039.0,47.4
10655.30,36252.64,0,5485194.0,09:44:15,47.8,13.0,12433.0,47.75,24.0,39250.0,47.7,42.0,61986.0,47.65,27.0,36367.0,47.6,37.0,50244.0,2998759.0,47.85,56.0,48538.0,47.9,70.0,60227.0,47.95,56.0,77569.0,48.0,147.0,98961.0,48.05,29.0,53815.0,2619039.0,47.4
10655.70,36253.60,0,5485194.0,09:44:15,47.8,13.0,12433.0,47.75,24.0,39250.0,47.7,42.0,61986.0,47.65,27.0,36367.0,47.6,37.0,50244.0,2998759.0,47.85,56.0,48538.0,47.9,70.0,60227.0,47.95,56.0,77569.0,48.0,147.0,98961.0,48.05,29.0,53815.0,2619039.0,47.4
10656.25,36253.28,0,5485493.0,09:44:18,47.8,15.0,16757.0,47.75,35.0,50779.0,47.7,32.0,58026.0,47.65,28.0,44567.0,47.6,38.0,46467.0,3004712.0,47.85,53.0,44171.0,47.9,70.0,59407.0,47.95,56.0,77569.0,48.0,147.0,98961.0,48.05,29.0,53815.0,2622011.0,47.4
10656.10,36252.08,0,5487193.0,09:44:20,47.8,16.0,19892.0,47.75,34.0,61787.0,47.7,33.0,52945.0,47.65,30.0,52817.0,47.6,38.0,46467.0,3022024.0,47.85,53.0,45312.0,47.9,70.0,59407.0,47.95,56.0,77569.0,48.0,147.0,98961.0,48.05,29.0,53815.0,2623305.0,47.4
10655.50,36254.33,0,5487193.0,09:44:20,47.8,16.0,19892.0,47.75,34.0,61787.0,47.7,33.0,52945.0,47.65,30.0,52817.0,47.6,38.0,46467.0,3022024.0,47.85,53.0,45312.0,47.9,70.0,59407.0,47.95,56.0,77569.0,48.0,147.0,98961.0,48.05,29.0,53815.0,2623305.0,47.4
10654.15,36255.81,0,5489704.0,09:44:22,47.8,4.0,1697.0,47.75,23.0,34621.0,47.7,36.0,56282.0,47.65,28.0,36417.0,47.6,39.0,54667.0,2980187.0,47.85,71.0,71326.0,47.9,63.0,62365.0,47.95,54.0,76148.0,48.0,147.0,98961.0,48.05,29.0,53815.0,2643449.0,47.4
10655.65,36259.41,0,5526908.0,09:44:24,47.8,6.0,5549.0,47.75,27.0,31341.0,47.7,38.0,65262.0,47.65,28.0,36417.0,47.6,39.0,51830.0,2990740.0,47.85,46.0,56332.0,47.9,63.0,61004.0,47.95,54.0,76148.0,48.0,148.0,99456.0,48.05,29.0,53815.0,2627789.0,47.41
10656.05,36260.05,0,5526908.0,09:44:24,47.8,6.0,5549.0,47.75,27.0,31341.0,47.7,38.0,65262.0,47.65,28.0,36417.0,47.6,39.0,51830.0,2990740.0,47.85,46.0,56332.0,47.9,63.0,61004.0,47.95,54.0,76148.0,48.0,148.0,99456.0,48.05,29.0,53815.0,2627789.0,47.41
10655.60,36258.70,0,5530709.0,09:44:25,47.8,4.0,2649.0,47.75,29.0,33857.0,47.7,37.0,63246.0,47.65,29.0,40488.0,47.6,39.0,51830.0,2988440.0,47.85,48.0,57013.0,47.9,63.0,61004.0,47.95,54.0,76148.0,48.0,147.0,98956.0,48.05,29.0,53815.0,2629123.0,47.41
10655.70,36258.70,0,5530709.0,09:44:25,47.8,4.0,2649.0,47.75,29.0,33857.0,47.7,37.0,63246.0,47.65,29.0,40488.0,47.6,39.0,51830.0,2988440.0,47.85,48.0,57013.0,47.9,63.0,61004.0,47.95,54.0,76148.0,48.0,147.0,98956.0,48.05,29.0,53815.0,2629123.0,47.41
10656.95,36263.45,0,5531014.0,09:44:27,47.8,6.0,4903.0,47.75,30.0,33858.0,47.7,38.0,63256.0,47.65,29.0,40488.0,47.6,39.0,51830.0,2992005.0,47.85,42.0,45267.0,47.9,61.0,57104.0,47.95,54.0,76148.0,48.0,146.0,97957.0,48.05,29.0,53815.0,2613377.0,47.41
10655.40,36265.42,0,5532409.0,09:44:29,47.8,7.0,3442.0,47.75,31.0,34558.0,47.7,38.0,62566.0,47.65,29.0,40488.0,47.6,39.0,51830.0,2990454.0,47.85,53.0,82230.0,47.9,65.0,62490.0,47.95,54.0,76148.0,48.0,146.0,97957.0,48.05,29.0,53815.0,2655879.0,47.41
10655.40,36264.78,0,5534198.0,09:44:31,47.8,7.0,3397.0,47.75,31.0,34558.0,47.7,38.0,62566.0,47.65,30.0,41039.0,47.6,39.0,51830.0,2990851.0,47.85,53.0,82130.0,47.9,65.0,62490.0,47.95,54.0,76148.0,48.0,146.0,97957.0,48.05,30.0,58815.0,2660779.0,47.41
10656.50,36261.46,0,5534198.0,09:44:31,47.8,7.0,3397.0,47.75,31.0,34558.0,47.7,38.0,62566.0,47.65,30.0,41039.0,47.6,39.0,51830.0,2990851.0,47.85,53.0,82130.0,47.9,65.0,62490.0,47.95,54.0,76148.0,48.0,146.0,97957.0,48.05,30.0,58815.0,2660779.0,47.41
10656.20,36262.14,0,5539899.0,09:44:33,47.8,10.0,4194.0,47.75,32.0,48628.0,47.7,38.0,62066.0,47.65,30.0,41039.0,47.6,38.0,51670.0,3006278.0,47.85,46.0,76552.0,47.9,68.0,62962.0,47.95,57.0,79567.0,48.0,146.0,97957.0,48.05,30.0,58815.0,2659095.0,47.41
10656.20,36262.14,0,5539899.0,09:44:33,47.8,10.0,4194.0,47.75,32.0,48628.0,47.7,38.0,62066.0,47.65,30.0,41039.0,47.6,38.0,51670.0,3006278.0,47.85,46.0,76552.0,47.9,68.0,62962.0,47.95,57.0,79567.0,48.0,146.0,97957.0,48.05,30.0,58815.0,2659095.0,47.41
10656.20,36262.14,0,5539899.0,09:44:33,47.8,10.0,4194.0,47.75,32.0,48628.0,47.7,38.0,62066.0,47.65,30.0,41039.0,47.6,38.0,51670.0,3006278.0,47.85,46.0,76552.0,47.9,68.0,62962.0,47.95,57.0,79567.0,48.0,146.0,97957.0,48.05,30.0,58815.0,2659095.0,47.41
10656.20,36262.14,0,5539899.0,09:44:33,47.8,10.0,4194.0,47.75,32.0,48628.0,47.7,38.0,62066.0,47.65,30.0,41039.0,47.6,38.0,51670.0,3006278.0,47.85,46.0,76552.0,47.9,68.0,62962.0,47.95,57.0,79567.0,48.0,146.0,97957.0,48.05,30.0,58815.0,2659095.0,47.41
10656.20,36262.14,0,5539899.0,09:44:33,47.8,10.0,4194.0,47.75,32.0,48628.0,47.7,38.0,62066.0,47.65,30.0,41039.0,47.6,38.0,51670.0,3006278.0,47.85,46.0,76552.0,47.9,68.0,62962.0,47.95,57.0,79567.0,48.0,146.0,97957.0,48.05,30.0,58815.0,2659095.0,47.41
10656.20,36262.14,0,5539899.0,09:44:33,47.8,10.0,4194.0,47.75,32.0,48628.0,47.7,38.0,62066.0,47.65,30.0,41039.0,47.6,38.0,51670.0,3006278.0,47.85,46.0,76552.0,47.9,68.0,62962.0,47.95,57.0,79567.0,48.0,146.0,97957.0,48.05,30.0,58815.0,2659095.0,47.41
10656.20,36262.14,0,5539899.0,09:44:33,47.8,10.0,4194.0,47.75,32.0,48628.0,47.7,38.0,62066.0,47.65,30.0,41039.0,47.6,38.0,51670.0,3006278.0,47.85,46.0,76552.0,47.9,68.0,62962.0,47.95,57.0,79567.0,48.0,146.0,97957.0,48.05,30.0,58815.0,2659095.0,47.41
10656.20,36262.14,0,5539899.0,09:44:33,47.8,10.0,4194.0,47.75,32.0,48628.0,47.7,38.0,62066.0,47.65,30.0,41039.0,47.6,38.0,51670.0,3006278.0,47.85,46.0,76552.0,47.9,68.0,62962.0,47.95,57.0,79567.0,48.0,146.0,97957.0,48.05,30.0,58815.0,2659095.0,47.41
10656.20,36262.14,0,5539899.0,09:44:33,47.8,10.0,4194.0,47.75,32.0,48628.0,47.7,38.0,62066.0,47.65,30.0,41039.0,47.6,38.0,51670.0,3006278.0,47.85,46.0,76552.0,47.9,68.0,62962.0,47.95,57.0,79567.0,48.0,146.0,97957.0,48.05,30.0,58815.0,2659095.0,47.41
10656.20,36262.14,0,5539899.0,09:44:33,47.8,10.0,4194.0,47.75,32.0,48628.0,47.7,38.0,62066.0,47.65,30.0,41039.0,47.6,38.0,51670.0,3006278.0,47.85,46.0,76552.0,47.9,68.0,62962.0,47.95,57.0,79567.0,48.0,146.0,97957.0,48.05,30.0,58815.0,2659095.0,47.41
10656.20,36262.14,0,5539899.0,09:44:33,47.8,10.0,4194.0,47.75,32.0,48628.0,47.7,38.0,62066.0,47.65,30.0,41039.0,47.6,38.0,51670.0,3006278.0,47.85,46.0,76552.0,47.9,68.0,62962.0,47.95,57.0,79567.0,48.0,146.0,97957.0,48.05,30.0,58815.0,2659095.0,47.41
10656.20,36262.14,0,5539899.0,09:44:33,47.8,10.0,4194.0,47.75,32.0,48628.0,47.7,38.0,62066.0,47.65,30.0,41039.0,47.6,38.0,51670.0,3006278.0,47.85,46.0,76552.0,47.9,68.0,62962.0,47.95,57.0,79567.0,48.0,146.0,97957.0,48.05,30.0,58815.0,2659095.0,47.41
10656.20,36262.14,0,5539899.0,09:44:33,47.8,10.0,4194.0,47.75,32.0,48628.0,47.7,38.0,62066.0,47.65,30.0,41039.0,47.6,38.0,51670.0,3006278.0,47.85,46.0,76552.0,47.9,68.0,62962.0,47.95,57.0,79567.0,48.0,146.0,97957.0,48.05,30.0,58815.0,2659095.0,47.41
10656.20,36262.14,0,5539899.0,09:44:33,47.8,10.0,4194.0,47.75,32.0,48628.0,47.7,38.0,62066.0,47.65,30.0,41039.0,47.6,38.0,51670.0,3006278.0,47.85,46.0,76552.0,47.9,68.0,62962.0,47.95,57.0,79567.0,48.0,146.0,97957.0,48.05,30.0,58815.0,2659095.0,47.41
10656.20,36262.14,0,5539899.0,09:44:33,47.8,10.0,4194.0,47.75,32.0,48628.0,47.7,38.0,62066.0,47.65,30.0,41039.0,47.6,38.0,51670.0,3006278.0,47.85,46.0,76552.0,47.9,68.0,62962.0,47.95,57.0,79567.0,48.0,146.0,97957.0,48.05,30.0,58815.0,2659095.0,47.41
10656.20,36262.14,0,5539899.0,09:44:33,47.8,10.0,4194.0,47.75,32.0,48628.0,47.7,38.0,62066.0,47.65,30.0,41039.0,47.6,38.0,51670.0,3006278.0,47.85,46.0,76552.0,47.9,68.0,62962.0,47.95,57.0,79567.0,48.0,146.0,97957.0,48.05,30.0,58815.0,2659095.0,47.41
10656.20,36262.14,0,5539899.0,09:44:33,47.8,10.0,4194.0,47.75,32.0,48628.0,47.7,38.0,62066.0,47.65,30.0,41039.0,47.6,38.0,51670.0,3006278.0,47.85,46.0,76552.0,47.9,68.0,62962.0,47.95,57.0,79567.0,48.0,146.0,97957.0,48.05,30.0,58815.0,2659095.0,47.41
10656.20,36262.14,0,5539899.0,09:44:33,47.8,10.0,4194.0,47.75,32.0,48628.0,47.7,38.0,62066.0,47.65,30.0,41039.0,47.6,38.0,51670.0,3006278.0,47.85,46.0,76552.0,47.9,68.0,62962.0,47.95,57.0,79567.0,48.0,146.0,97957.0,48.05,30.0,58815.0,2659095.0,47.41
10656.20,36262.14,0,5539899.0,09:44:33,47.8,10.0,4194.0,47.75,32.0,48628.0,47.7,38.0,62066.0,47.65,30.0,41039.0,47.6,38.0,51670.0,3006278.0,47.85,46.0,76552.0,47.9,68.0,62962.0,47.95,57.0,79567.0,48.0,146.0,97957.0,48.05,30.0,58815.0,2659095.0,47.41
10656.20,36262.14,0,5539899.0,09:44:33,47.8,10.0,4194.0,47.75,32.0,48628.0,47.7,38.0,62066.0,47.65,30.0,41039.0,47.6,38.0,51670.0,3006278.0,47.85,46.0,76552.0,47.9,68.0,62962.0,47.95,57.0,79567.0,48.0,146.0,97957.0,48.05,30.0,58815.0,2659095.0,47.41
10656.20,36262.14,0,5539899.0,09:44:33,47.8,10.0,4194.0,47.75,32.0,48628.0,47.7,38.0,62066.0,47.65,30.0,41039.0,47.6,38.0,51670.0,3006278.0,47.85,46.0,76552.0,47.9,68.0,62962.0,47.95,57.0,79567.0,48.0,146.0,97957.0,48.05,30.0,58815.0,2659095.0,47.41
10656.20,36262.14,0,5539899.0,09:44:33,47.8,10.0,4194.0,47.75,32.0,48628.0,47.7,38.0,62066.0,47.65,30.0,41039.0,47.6,38.0,51670.0,3006278.0,47.85,46.0,76552.0,47.9,68.0,62962.0,47.95,57.0,79567.0,48.0,146.0,97957.0,48.05,30.0,58815.0,2659095.0,47.41
10656.20,36262.14,0,5539899.0,09:44:33,47.8,10.0,4194.0,47.75,32.0,48628.0,47.7,38.0,62066.0,47.65,30.0,41039.0,47.6,38.0,51670.0,3006278.0,47.85,46.0,76552.0,47.9,68.0,62962.0,47.95,57.0,79567.0,48.0,146.0,97957.0,48.05,30.0,58815.0,2659095.0,47.41
10656.20,36262.14,0,5539899.0,09:44:33,47.8,10.0,4194.0,47.75,32.0,48628.0,47.7,38.0,62066.0,47.65,30.0,41039.0,47.6,38.0,51670.0,3006278.0,47.85,46.0,76552.0,47.9,68.0,62962.0,47.95,57.0,79567.0,48.0,146.0,97957.0,48.05,30.0,58815.0,2659095.0,47.41
10656.20,36262.14,0,5539899.0,09:44:33,47.8,10.0,4194.0,47.75,32.0,48628.0,47.7,38.0,62066.0,47.65,30.0,41039.0,47.6,38.0,51670.0,3006278.0,47.85,46.0,76552.0,47.9,68.0,62962.0,47.95,57.0,79567.0,48.0,146.0,97957.0,48.05,30.0,58815.0,2659095.0,47.41
10656.20,36262.14,0,5539899.0,09:44:33,47.8,10.0,4194.0,47.75,32.0,48628.0,47.7,38.0,62066.0,47.65,30.0,41039.0,47.6,38.0,51670.0,3006278.0,47.85,46.0,76552.0,47.9,68.0,62962.0,47.95,57.0,79567.0,48.0,146.0,97957.0,48.05,30.0,58815.0,2659095.0,47.41
10656.20,36262.14,0,5539899.0,09:44:33,47.8,10.0,4194.0,47.75,32.0,48628.0,47.7,38.0,62066.0,47.65,30.0,41039.0,47.6,38.0,51670.0,3006278.0,47.85,46.0,76552.0,47.9,68.0,62962.0,47.95,57.0,79567.0,48.0,146.0,97957.0,48.05,30.0,58815.0,2659095.0,47.41
10656.20,36262.14,0,5539899.0,09:44:33,47.8,10.0,4194.0,47.75,32.0,48628.0,47.7,38.0,62066.0,47.65,30.0,41039.0,47.6,38.0,51670.0,3006278.0,47.85,46.0,76552.0,47.9,68.0,62962.0,47.95,57.0,79567.0,48.0,146.0,97957.0,48.05,30.0,58815.0,2659095.0,47.41
10656.20,36262.14,0,5539899.0,09:44:33,47.8,10.0,4194.0,47.75,32.0,48628.0,47.7,38.0,62066.0,47.65,30.0,41039.0,47.6,38.0,51670.0,3006278.0,47.85,46.0,76552.0,47.9,68.0,62962.0,47.95,57.0,79567.0,48.0,146.0,97957.0,48.05,30.0,58815.0,2659095.0,47.41
10656.20,36262.14,0,5539899.0,09:44:33,47.8,10.0,4194.0,47.75,32.0,48628.0,47.7,38.0,62066.0,47.65,30.0,41039.0,47.6,38.0,51670.0,3006278.0,47.85,46.0,76552.0,47.9,68.0,62962.0,47.95,57.0,79567.0,48.0,146.0,97957.0,48.05,30.0,58815.0,2659095.0,47.41
10656.20,36262.14,0,5539899.0,09:44:33,47.8,10.0,4194.0,47.75,32.0,48628.0,47.7,38.0,62066.0,47.65,30.0,41039.0,47.6,38.0,51670.0,3006278.0,47.85,46.0,76552.0,47.9,68.0,62962.0,47.95,57.0,79567.0,48.0,146.0,97957.0,48.05,30.0,58815.0,2659095.0,47.41
10656.20,36262.14,0,5539899.0,09:44:33,47.8,10.0,4194.0,47.75,32.0,48628.0,47.7,38.0,62066.0,47.65,30.0,41039.0,47.6,38.0,51670.0,3006278.0,47.85,46.0,76552.0,47.9,68.0,62962.0,47.95,57.0,79567.0,48.0,146.0,97957.0,48.05,30.0,58815.0,2659095.0,47.41
10656.20,36262.14,0,5539899.0,09:44:33,47.8,10.0,4194.0,47.75,32.0,48628.0,47.7,38.0,62066.0,47.65,30.0,41039.0,47.6,38.0,51670.0,3006278.0,47.85,46.0,76552.0,47.9,68.0,62962.0,47.95,57.0,79567.0,48.0,146.0,97957.0,48.05,30.0,58815.0,2659095.0,47.41
10656.20,36262.14,0,5539899.0,09:44:33,47.8,10.0,4194.0,47.75,32.0,48628.0,47.7,38.0,62066.0,47.65,30.0,41039.0,47.6,38.0,51670.0,3006278.0,47.85,46.0,76552.0,47.9,68.0,62962.0,47.95,57.0,79567.0,48.0,146.0,97957.0,48.05,30.0,58815.0,2659095.0,47.41
10656.20,36262.14,0,5539899.0,09:44:33,47.8,10.0,4194.0,47.75,32.0,48628.0,47.7,38.0,62066.0,47.65,30.0,41039.0,47.6,38.0,51670.0,3006278.0,47.85,46.0,76552.0,47.9,68.0,62962.0,47.95,57.0,79567.0,48.0,146.0,97957.0,48.05,30.0,58815.0,2659095.0,47.41
10656.20,36262.14,0,5539899.0,09:44:33,47.8,10.0,4194.0,47.75,32.0,48628.0,47.7,38.0,62066.0,47.65,30.0,41039.0,47.6,38.0,51670.0,3006278.0,47.85,46.0,76552.0,47.9,68.0,62962.0,47.95,57.0,79567.0,48.0,146.0,97957.0,48.05,30.0,58815.0,2659095.0,47.41
10656.20,36262.14,0,5539899.0,09:44:33,47.8,10.0,4194.0,47.75,32.0,48628.0,47.7,38.0,62066.0,47.65,30.0,41039.0,47.6,38.0,51670.0,3006278.0,47.85,46.0,76552.0,47.9,68.0,62962.0,47.95,57.0,79567.0,48.0,146.0,97957.0,48.05,30.0,58815.0,2659095.0,47.41
10656.20,36262.14,0,5539899.0,09:44:33,47.8,10.0,4194.0,47.75,32.0,48628.0,47.7,38.0,62066.0,47.65,30.0,41039.0,47.6,38.0,51670.0,3006278.0,47.85,46.0,76552.0,47.9,68.0,62962.0,47.95,57.0,79567.0,48.0,146.0,97957.0,48.05,30.0,58815.0,2659095.0,47.41
10656.20,36262.14,0,5539899.0,09:44:33,47.8,10.0,4194.0,47.75,32.0,48628.0,47.7,38.0,62066.0,47.65,30.0,41039.0,47.6,38.0,51670.0,3006278.0,47.85,46.0,76552.0,47.9,68.0,62962.0,47.95,57.0,79567.0,48.0,146.0,97957.0,48.05,30.0,58815.0,2659095.0,47.41
10656.20,36262.14,0,5539899.0,09:44:33,47.8,10.0,4194.0,47.75,32.0,48628.0,47.7,38.0,62066.0,47.65,30.0,41039.0,47.6,38.0,51670.0,3006278.0,47.85,46.0,76552.0,47.9,68.0,62962.0,47.95,57.0,79567.0,48.0,146.0,97957.0,48.05,30.0,58815.0,2659095.0,47.41
10656.20,36262.14,0,5539899.0,09:44:33,47.8,10.0,4194.0,47.75,32.0,48628.0,47.7,38.0,62066.0,47.65,30.0,41039.0,47.6,38.0,51670.0,3006278.0,47.85,46.0,76552.0,47.9,68.0,62962.0,47.95,57.0,79567.0,48.0,146.0,97957.0,48.05,30.0,58815.0,2659095.0,47.41
10656.20,36262.14,0,5539899.0,09:44:33,47.8,10.0,4194.0,47.75,32.0,48628.0,47.7,38.0,62066.0,47.65,30.0,41039.0,47.6,38.0,51670.0,3006278.0,47.85,46.0,76552.0,47.9,68.0,62962.0,47.95,57.0,79567.0,48.0,146.0,97957.0,48.05,30.0,58815.0,2659095.0,47.41
10656.20,36262.14,0,5539899.0,09:44:33,47.8,10.0,4194.0,47.75,32.0,48628.0,47.7,38.0,62066.0,47.65,30.0,41039.0,47.6,38.0,51670.0,3006278.0,47.85,46.0,76552.0,47.9,68.0,62962.0,47.95,57.0,79567.0,48.0,146.0,97957.0,48.05,30.0,58815.0,2659095.0,47.41
10656.20,36262.14,0,5539899.0,09:44:33,47.8,10.0,4194.0,47.75,32.0,48628.0,47.7,38.0,62066.0,47.65,30.0,41039.0,47.6,38.0,51670.0,3006278.0,47.85,46.0,76552.0,47.9,68.0,62962.0,47.95,57.0,79567.0,48.0,146.0,97957.0,48.05,30.0,58815.0,2659095.0,47.41
10656.20,36262.14,0,5539899.0,09:44:33,47.8,10.0,4194.0,47.75,32.0,48628.0,47.7,38.0,62066.0,47.65,30.0,41039.0,47.6,38.0,51670.0,3006278.0,47.85,46.0,76552.0,47.9,68.0,62962.0,47.95,57.0,79567.0,48.0,146.0,97957.0,48.05,30.0,58815.0,2659095.0,47.41
10656.20,36262.14,0,5539899.0,09:44:33,47.8,10.0,4194.0,47.75,32.0,48628.0,47.7,38.0,62066.0,47.65,30.0,41039.0,47.6,38.0,51670.0,3006278.0,47.85,46.0,76552.0,47.9,68.0,62962.0,47.95,57.0,79567.0,48.0,146.0,97957.0,48.05,30.0,58815.0,2659095.0,47.41
10656.20,36262.14,0,5539899.0,09:44:33,47.8,10.0,4194.0,47.75,32.0,48628.0,47.7,38.0,62066.0,47.65,30.0,41039.0,47.6,38.0,51670.0,3006278.0,47.85,46.0,76552.0,47.9,68.0,62962.0,47.95,57.0,79567.0,48.0,146.0,97957.0,48.05,30.0,58815.0,2659095.0,47.41
10656.20,36262.14,0,5539899.0,09:44:33,47.8,10.0,4194.0,47.75,32.0,48628.0,47.7,38.0,62066.0,47.65,30.0,41039.0,47.6,38.0,51670.0,3006278.0,47.85,46.0,76552.0,47.9,68.0,62962.0,47.95,57.0,79567.0,48.0,146.0,97957.0,48.05,30.0,58815.0,2659095.0,47.41
10658.55,36273.18,0,5707836.0,09:45:28,47.85,20.0,26027.0,47.8,37.0,60181.0,47.75,42.0,63362.0,47.7,41.0,75905.0,47.65,29.0,42621.0,3112396.0,47.9,42.0,18136.0,47.95,72.0,86953.0,48.0,157.0,101695.0,48.05,31.0,63478.0,48.1,41.0,59377.0,2600569.0,47.42
10658.55,36272.74,0,5730971.0,09:45:29,47.9,17.0,21171.0,47.85,32.0,49368.0,47.8,29.0,58771.0,47.75,42.0,62862.0,47.7,40.0,67705.0,3126188.0,47.95,49.0,40451.0,48.0,168.0,109785.0,48.05,32.0,56699.0,48.1,41.0,63740.0,48.15,25.0,53458.0,2573033.0,47.42
10659.85,36273.75,0,5731996.0,09:45:31,47.9,22.0,29896.0,47.85,33.0,49868.0,47.8,29.0,74604.0,47.75,42.0,62862.0,47.7,40.0,67705.0,3151246.0,47.95,47.0,37523.0,48.0,167.0,109472.0,48.05,33.0,57012.0,48.1,41.0,63740.0,48.15,25.0,53458.0,2603670.0,47.42
10660.75,36284.68,0,5731996.0,09:45:31,47.9,22.0,29896.0,47.85,33.0,49868.0,47.8,29.0,74604.0,47.75,42.0,62862.0,47.7,40.0,67705.0,3151246.0,47.95,47.0,37523.0,48.0,167.0,109472.0,48.05,33.0,57012.0,48.1,41.0,63740.0,48.15,25.0,53458.0,2603670.0,47.42
10660.75,36284.68,0,5731996.0,09:45:31,47.9,22.0,29896.0,47.85,33.0,49868.0,47.8,29.0,74604.0,47.75,42.0,62862.0,47.7,40.0,67705.0,3151246.0,47.95,47.0,37523.0,48.0,167.0,109472.0,48.05,33.0,57012.0,48.1,41.0,63740.0,48.15,25.0,53458.0,2603670.0,47.42
10660.75,36284.68,0,5731996.0,09:45:31,47.9,22.0,29896.0,47.85,33.0,49868.0,47.8,29.0,74604.0,47.75,42.0,62862.0,47.7,40.0,67705.0,3151246.0,47.95,47.0,37523.0,48.0,167.0,109472.0,48.05,33.0,57012.0,48.1,41.0,63740.0,48.15,25.0,53458.0,2603670.0,47.42
10660.75,36284.68,0,5731996.0,09:45:31,47.9,22.0,29896.0,47.85,33.0,49868.0,47.8,29.0,74604.0,47.75,42.0,62862.0,47.7,40.0,67705.0,3151246.0,47.95,47.0,37523.0,48.0,167.0,109472.0,48.05,33.0,57012.0,48.1,41.0,63740.0,48.15,25.0,53458.0,2603670.0,47.42
10660.75,36284.68,0,5731996.0,09:45:31,47.9,22.0,29896.0,47.85,33.0,49868.0,47.8,29.0,74604.0,47.75,42.0,62862.0,47.7,40.0,67705.0,3151246.0,47.95,47.0,37523.0,48.0,167.0,109472.0,48.05,33.0,57012.0,48.1,41.0,63740.0,48.15,25.0,53458.0,2603670.0,47.42
10660.75,36284.68,0,5731996.0,09:45:31,47.9,22.0,29896.0,47.85,33.0,49868.0,47.8,29.0,74604.0,47.75,42.0,62862.0,47.7,40.0,67705.0,3151246.0,47.95,47.0,37523.0,48.0,167.0,109472.0,48.05,33.0,57012.0,48.1,41.0,63740.0,48.15,25.0,53458.0,2603670.0,47.42
10660.75,36284.68,0,5731996.0,09:45:31,47.9,22.0,29896.0,47.85,33.0,49868.0,47.8,29.0,74604.0,47.75,42.0,62862.0,47.7,40.0,67705.0,3151246.0,47.95,47.0,37523.0,48.0,167.0,109472.0,48.05,33.0,57012.0,48.1,41.0,63740.0,48.15,25.0,53458.0,2603670.0,47.42
10660.75,36284.68,0,5731996.0,09:45:31,47.9,22.0,29896.0,47.85,33.0,49868.0,47.8,29.0,74604.0,47.75,42.0,62862.0,47.7,40.0,67705.0,3151246.0,47.95,47.0,37523.0,48.0,167.0,109472.0,48.05,33.0,57012.0,48.1,41.0,63740.0,48.15,25.0,53458.0,2603670.0,47.42
10660.75,36284.68,0,5731996.0,09:45:31,47.9,22.0,29896.0,47.85,33.0,49868.0,47.8,29.0,74604.0,47.75,42.0,62862.0,47.7,40.0,67705.0,3151246.0,47.95,47.0,37523.0,48.0,167.0,109472.0,48.05,33.0,57012.0,48.1,41.0,63740.0,48.15,25.0,53458.0,2603670.0,47.42
10660.75,36284.68,0,5731996.0,09:45:31,47.9,22.0,29896.0,47.85,33.0,49868.0,47.8,29.0,74604.0,47.75,42.0,62862.0,47.7,40.0,67705.0,3151246.0,47.95,47.0,37523.0,48.0,167.0,109472.0,48.05,33.0,57012.0,48.1,41.0,63740.0,48.15,25.0,53458.0,2603670.0,47.42
10660.75,36284.68,0,5731996.0,09:45:31,47.9,22.0,29896.0,47.85,33.0,49868.0,47.8,29.0,74604.0,47.75,42.0,62862.0,47.7,40.0,67705.0,3151246.0,47.95,47.0,37523.0,48.0,167.0,109472.0,48.05,33.0,57012.0,48.1,41.0,63740.0,48.15,25.0,53458.0,2603670.0,47.42
10660.75,36284.68,0,5731996.0,09:45:31,47.9,22.0,29896.0,47.85,33.0,49868.0,47.8,29.0,74604.0,47.75,42.0,62862.0,47.7,40.0,67705.0,3151246.0,47.95,47.0,37523.0,48.0,167.0,109472.0,48.05,33.0,57012.0,48.1,41.0,63740.0,48.15,25.0,53458.0,2603670.0,47.42
10660.75,36284.68,0,5731996.0,09:45:31,47.9,22.0,29896.0,47.85,33.0,49868.0,47.8,29.0,74604.0,47.75,42.0,62862.0,47.7,40.0,67705.0,3151246.0,47.95,47.0,37523.0,48.0,167.0,109472.0,48.05,33.0,57012.0,48.1,41.0,63740.0,48.15,25.0,53458.0,2603670.0,47.42
10660.75,36284.68,0,5731996.0,09:45:31,47.9,22.0,29896.0,47.85,33.0,49868.0,47.8,29.0,74604.0,47.75,42.0,62862.0,47.7,40.0,67705.0,3151246.0,47.95,47.0,37523.0,48.0,167.0,109472.0,48.05,33.0,57012.0,48.1,41.0,63740.0,48.15,25.0,53458.0,2603670.0,47.42
10660.75,36284.68,0,5731996.0,09:45:31,47.9,22.0,29896.0,47.85,33.0,49868.0,47.8,29.0,74604.0,47.75,42.0,62862.0,47.7,40.0,67705.0,3151246.0,47.95,47.0,37523.0,48.0,167.0,109472.0,48.05,33.0,57012.0,48.1,41.0,63740.0,48.15,25.0,53458.0,2603670.0,47.42
10660.75,36284.68,0,5731996.0,09:45:31,47.9,22.0,29896.0,47.85,33.0,49868.0,47.8,29.0,74604.0,47.75,42.0,62862.0,47.7,40.0,67705.0,3151246.0,47.95,47.0,37523.0,48.0,167.0,109472.0,48.05,33.0,57012.0,48.1,41.0,63740.0,48.15,25.0,53458.0,2603670.0,47.42
10660.75,36284.68,0,5731996.0,09:45:31,47.9,22.0,29896.0,47.85,33.0,49868.0,47.8,29.0,74604.0,47.75,42.0,62862.0,47.7,40.0,67705.0,3151246.0,47.95,47.0,37523.0,48.0,167.0,109472.0,48.05,33.0,57012.0,48.1,41.0,63740.0,48.15,25.0,53458.0,2603670.0,47.42
10660.75,36284.68,0,5731996.0,09:45:31,47.9,22.0,29896.0,47.85,33.0,49868.0,47.8,29.0,74604.0,47.75,42.0,62862.0,47.7,40.0,67705.0,3151246.0,47.95,47.0,37523.0,48.0,167.0,109472.0,48.05,33.0,57012.0,48.1,41.0,63740.0,48.15,25.0,53458.0,2603670.0,47.42
10660.75,36284.68,0,5731996.0,09:45:31,47.9,22.0,29896.0,47.85,33.0,49868.0,47.8,29.0,74604.0,47.75,42.0,62862.0,47.7,40.0,67705.0,3151246.0,47.95,47.0,37523.0,48.0,167.0,109472.0,48.05,33.0,57012.0,48.1,41.0,63740.0,48.15,25.0,53458.0,2603670.0,47.42
10660.75,36284.68,0,5731996.0,09:45:31,47.9,22.0,29896.0,47.85,33.0,49868.0,47.8,29.0,74604.0,47.75,42.0,62862.0,47.7,40.0,67705.0,3151246.0,47.95,47.0,37523.0,48.0,167.0,109472.0,48.05,33.0,57012.0,48.1,41.0,63740.0,48.15,25.0,53458.0,2603670.0,47.42
10660.75,36284.68,0,5731996.0,09:45:31,47.9,22.0,29896.0,47.85,33.0,49868.0,47.8,29.0,74604.0,47.75,42.0,62862.0,47.7,40.0,67705.0,3151246.0,47.95,47.0,37523.0,48.0,167.0,109472.0,48.05,33.0,57012.0,48.1,41.0,63740.0,48.15,25.0,53458.0,2603670.0,47.42
10660.75,36284.68,0,5731996.0,09:45:31,47.9,22.0,29896.0,47.85,33.0,49868.0,47.8,29.0,74604.0,47.75,42.0,62862.0,47.7,40.0,67705.0,3151246.0,47.95,47.0,37523.0,48.0,167.0,109472.0,48.05,33.0,57012.0,48.1,41.0,63740.0,48.15,25.0,53458.0,2603670.0,47.42
10660.75,36284.68,0,5731996.0,09:45:31,47.9,22.0,29896.0,47.85,33.0,49868.0,47.8,29.0,74604.0,47.75,42.0,62862.0,47.7,40.0,67705.0,3151246.0,47.95,47.0,37523.0,48.0,167.0,109472.0,48.05,33.0,57012.0,48.1,41.0,63740.0,48.15,25.0,53458.0,2603670.0,47.42
10660.75,36284.68,0,5731996.0,09:45:31,47.9,22.0,29896.0,47.85,33.0,49868.0,47.8,29.0,74604.0,47.75,42.0,62862.0,47.7,40.0,67705.0,3151246.0,47.95,47.0,37523.0,48.0,167.0,109472.0,48.05,33.0,57012.0,48.1,41.0,63740.0,48.15,25.0,53458.0,2603670.0,47.42
10660.75,36284.68,0,5731996.0,09:45:31,47.9,22.0,29896.0,47.85,33.0,49868.0,47.8,29.0,74604.0,47.75,42.0,62862.0,47.7,40.0,67705.0,3151246.0,47.95,47.0,37523.0,48.0,167.0,109472.0,48.05,33.0,57012.0,48.1,41.0,63740.0,48.15,25.0,53458.0,2603670.0,47.42
10660.75,36284.68,0,5731996.0,09:45:31,47.9,22.0,29896.0,47.85,33.0,49868.0,47.8,29.0,74604.0,47.75,42.0,62862.0,47.7,40.0,67705.0,3151246.0,47.95,47.0,37523.0,48.0,167.0,109472.0,48.05,33.0,57012.0,48.1,41.0,63740.0,48.15,25.0,53458.0,2603670.0,47.42
10660.75,36284.68,0,5731996.0,09:45:31,47.9,22.0,29896.0,47.85,33.0,49868.0,47.8,29.0,74604.0,47.75,42.0,62862.0,47.7,40.0,67705.0,3151246.0,47.95,47.0,37523.0,48.0,167.0,109472.0,48.05,33.0,57012.0,48.1,41.0,63740.0,48.15,25.0,53458.0,2603670.0,47.42
10660.75,36284.68,0,5731996.0,09:45:31,47.9,22.0,29896.0,47.85,33.0,49868.0,47.8,29.0,74604.0,47.75,42.0,62862.0,47.7,40.0,67705.0,3151246.0,47.95,47.0,37523.0,48.0,167.0,109472.0,48.05,33.0,57012.0,48.1,41.0,63740.0,48.15,25.0,53458.0,2603670.0,47.42
10660.75,36284.68,0,5731996.0,09:45:31,47.9,22.0,29896.0,47.85,33.0,49868.0,47.8,29.0,74604.0,47.75,42.0,62862.0,47.7,40.0,67705.0,3151246.0,47.95,47.0,37523.0,48.0,167.0,109472.0,48.05,33.0,57012.0,48.1,41.0,63740.0,48.15,25.0,53458.0,2603670.0,47.42
10660.75,36284.68,0,5731996.0,09:45:31,47.9,22.0,29896.0,47.85,33.0,49868.0,47.8,29.0,74604.0,47.75,42.0,62862.0,47.7,40.0,67705.0,3151246.0,47.95,47.0,37523.0,48.0,167.0,109472.0,48.05,33.0,57012.0,48.1,41.0,63740.0,48.15,25.0,53458.0,2603670.0,47.42
10665.85,36298.46,0,5930504.0,09:46:07,47.9,36.0,41668.0,47.85,29.0,68796.0,47.8,27.0,66289.0,47.75,35.0,60946.0,47.7,36.0,57320.0,3119624.0,47.95,4.0,5119.0,48.0,44.0,39553.0,48.05,38.0,54568.0,48.1,44.0,56797.0,48.15,26.0,58464.0,2533743.0,47.44
10666.65,36298.46,0,5930504.0,09:46:07,47.9,36.0,41668.0,47.85,29.0,68796.0,47.8,27.0,66289.0,47.75,35.0,60946.0,47.7,36.0,57320.0,3119624.0,47.95,4.0,5119.0,48.0,44.0,39553.0,48.05,38.0,54568.0,48.1,44.0,56797.0,48.15,26.0,58464.0,2533743.0,47.44
10668.30,36301.50,0,5935626.0,09:46:09,47.95,16.0,23793.0,47.9,37.0,48242.0,47.85,24.0,60453.0,47.8,29.0,74490.0,47.75,34.0,52746.0,3129750.0,48.0,34.0,25295.0,48.05,49.0,68166.0,48.1,47.0,60637.0,48.15,27.0,58469.0,48.2,46.0,74589.0,2540156.0,47.44
10668.40,36304.60,0,5935676.0,09:46:11,47.95,20.0,31076.0,47.9,38.0,49067.0,47.85,24.0,60453.0,47.8,29.0,74490.0,47.75,34.0,52746.0,3138438.0,48.0,36.0,25385.0,48.05,50.0,70585.0,48.1,46.0,58218.0,48.15,27.0,58469.0,48.2,45.0,74539.0,2540196.0,47.44
10668.70,36302.73,0,5935676.0,09:46:11,47.95,20.0,31076.0,47.9,38.0,49067.0,47.85,24.0,60453.0,47.8,29.0,74490.0,47.75,34.0,52746.0,3138438.0,48.0,36.0,25385.0,48.05,50.0,70585.0,48.1,46.0,58218.0,48.15,27.0,58469.0,48.2,45.0,74539.0,2540196.0,47.44
10667.60,36299.44,0,5945463.0,09:46:12,47.9,32.0,34536.0,47.85,32.0,71796.0,47.8,28.0,66290.0,47.75,35.0,60946.0,47.7,37.0,72320.0,3130218.0,47.95,8.0,10157.0,48.0,56.0,56156.0,48.05,41.0,58767.0,48.1,44.0,56797.0,48.15,27.0,58469.0,2560558.0,47.44
10667.65,36299.87,0,5947013.0,09:46:14,47.9,23.0,19191.0,47.85,24.0,35985.0,47.8,40.0,83287.0,47.75,31.0,48858.0,47.7,39.0,84357.0,3100946.0,47.95,12.0,20897.0,48.0,58.0,59281.0,48.05,42.0,59767.0,48.1,45.0,56807.0,48.15,27.0,58469.0,2573293.0,47.44
10668.05,36305.23,0,5947013.0,09:46:14,47.9,23.0,19191.0,47.85,24.0,35985.0,47.8,40.0,83287.0,47.75,31.0,48858.0,47.7,39.0,84357.0,3100946.0,47.95,12.0,20897.0,48.0,58.0,59281.0,48.05,42.0,59767.0,48.1,45.0,56807.0,48.15,27.0,58469.0,2573293.0,47.44
10668.40,36305.56,0,5950456.0,09:46:16,47.9,20.0,16678.0,47.85,26.0,38314.0,47.8,39.0,81271.0,47.75,31.0,48858.0,47.7,38.0,83357.0,3097746.0,47.95,12.0,21167.0,48.0,59.0,90281.0,48.05,42.0,55067.0,48.1,45.0,56807.0,48.15,27.0,58469.0,2605363.0,47.44
10669.10,36308.69,0,5958006.0,09:46:17,47.9,25.0,20950.0,47.85,27.0,43469.0,47.8,37.0,75803.0,47.75,30.0,43858.0,47.7,38.0,86857.0,3100394.0,47.95,9.0,13117.0,48.0,61.0,95481.0,48.05,43.0,55087.0,48.1,45.0,55809.0,48.15,27.0,58469.0,2602535.0,47.44
10668.95,36303.88,0,5958006.0,09:46:17,47.9,25.0,20950.0,47.85,27.0,43469.0,47.8,37.0,75803.0,47.75,30.0,43858.0,47.7,38.0,86857.0,3100394.0,47.95,9.0,13117.0,48.0,61.0,95481.0,48.05,43.0,55087.0,48.1,45.0,55809.0,48.15,27.0,58469.0,2602535.0,47.44
10667.20,36302.66,0,5960708.0,09:46:19,47.9,25.0,21919.0,47.85,27.0,43469.0,47.8,38.0,84603.0,47.75,30.0,43858.0,47.7,39.0,87457.0,3110128.0,47.95,12.0,19843.0,48.0,61.0,95831.0,48.05,43.0,55087.0,48.1,45.0,55809.0,48.15,27.0,58469.0,2611111.0,47.44
10667.20,36299.95,0,5969804.0,09:46:21,47.9,22.0,19338.0,47.85,28.0,43782.0,47.8,38.0,84603.0,47.75,30.0,43858.0,47.7,39.0,87457.0,3104289.0,47.95,13.0,17305.0,48.0,63.0,96537.0,48.05,43.0,55087.0,48.1,45.0,55809.0,48.15,27.0,58469.0,2612073.0,47.44
10666.65,36301.77,0,5969804.0,09:46:21,47.9,22.0,19338.0,47.85,28.0,43782.0,47.8,38.0,84603.0,47.75,30.0,43858.0,47.7,39.0,87457.0,3104289.0,47.95,13.0,17305.0,48.0,63.0,96537.0,48.05,43.0,55087.0,48.1,45.0,55809.0,48.15,27.0,58469.0,2612073.0,47.44
10666.95,36297.57,0,5971400.0,09:46:23,47.9,18.0,14702.0,47.85,29.0,44782.0,47.8,38.0,83613.0,47.75,30.0,43858.0,47.7,39.0,87457.0,3101897.0,47.95,14.0,16618.0,48.0,64.0,97537.0,48.05,43.0,55087.0,48.1,45.0,55809.0,48.15,27.0,58469.0,2612386.0,47.44
10663.55,36293.73,0,5971400.0,09:46:23,47.9,18.0,14702.0,47.85,29.0,44782.0,47.8,38.0,83613.0,47.75,30.0,43858.0,47.7,39.0,87457.0,3101897.0,47.95,14.0,16618.0,48.0,64.0,97537.0,48.05,43.0,55087.0,48.1,45.0,55809.0,48.15,27.0,58469.0,2612386.0,47.44
10665.50,36293.80,0,5982851.0,09:46:27,47.85,23.0,34943.0,47.8,40.0,85359.0,47.75,32.0,44568.0,47.7,40.0,95657.0,47.65,26.0,37461.0,3091652.0,47.9,11.0,10519.0,47.95,30.0,37201.0,48.0,58.0,107683.0,48.05,40.0,58447.0,48.1,47.0,59647.0,2643292.0,47.44
10663.05,36290.45,0,5982851.0,09:46:27,47.85,23.0,34943.0,47.8,40.0,85359.0,47.75,32.0,44568.0,47.7,40.0,95657.0,47.65,26.0,37461.0,3091652.0,47.9,11.0,10519.0,47.95,30.0,37201.0,48.0,58.0,107683.0,48.05,40.0,58447.0,48.1,47.0,59647.0,2643292.0,47.44
10663.10,36291.11,0,5984401.0,09:46:28,47.85,3.0,483.0,47.8,43.0,66311.0,47.75,36.0,58680.0,47.7,37.0,75420.0,47.65,28.0,49498.0,3051763.0,47.9,27.0,33833.0,47.95,27.0,46175.0,48.0,56.0,106692.0,48.05,40.0,58447.0,48.1,47.0,59647.0,2663046.0,47.44
10662.45,36289.70,0,5985475.0,09:46:30,47.85,11.0,10997.0,47.8,43.0,66311.0,47.75,36.0,58680.0,47.7,36.0,74420.0,47.65,28.0,49498.0,3060192.0,47.9,14.0,14765.0,47.95,30.0,38013.0,48.0,62.0,110495.0,48.05,40.0,58447.0,48.1,47.0,59647.0,2649273.0,47.45
10663.00,36287.43,0,5985475.0,09:46:30,47.85,11.0,10997.0,47.8,43.0,66311.0,47.75,36.0,58680.0,47.7,36.0,74420.0,47.65,28.0,49498.0,3060192.0,47.9,14.0,14765.0,47.95,30.0,38013.0,48.0,62.0,110495.0,48.05,40.0,58447.0,48.1,47.0,59647.0,2649273.0,47.45
10664.25,36287.80,0,5986850.0,09:46:32,47.85,10.0,11497.0,47.8,44.0,66611.0,47.75,36.0,58680.0,47.7,36.0,74420.0,47.65,28.0,49498.0,3061002.0,47.9,18.0,16341.0,47.95,30.0,38013.0,48.0,63.0,112595.0,48.05,40.0,58447.0,48.1,47.0,59647.0,2654759.0,47.45
10663.60,36285.85,0,5988300.0,09:46:34,47.85,3.0,1438.0,47.8,44.0,66611.0,47.75,36.0,58680.0,47.7,37.0,74470.0,47.65,28.0,49498.0,3054573.0,47.9,27.0,30828.0,47.95,32.0,49436.0,48.0,58.0,108892.0,48.05,40.0,58447.0,48.1,47.0,59247.0,2668643.0,47.45
10662.95,36284.58,0,5988300.0,09:46:34,47.85,3.0,1438.0,47.8,44.0,66611.0,47.75,36.0,58680.0,47.7,37.0,74470.0,47.65,28.0,49498.0,3054573.0,47.9,27.0,30828.0,47.95,32.0,49436.0,48.0,58.0,108892.0,48.05,40.0,58447.0,48.1,47.0,59247.0,2668643.0,47.45
10662.50,36285.08,0,5990017.0,09:46:36,47.8,43.0,71578.0,47.75,36.0,58680.0,47.7,41.0,92678.0,47.65,28.0,49498.0,47.6,33.0,50352.0,3067375.0,47.85,4.0,3849.0,47.9,29.0,32209.0,47.95,36.0,49920.0,48.0,59.0,109152.0,48.05,40.0,58447.0,2673799.0,47.45
10662.50,36283.54,0,5990313.0,09:46:37,47.8,34.0,61336.0,47.75,33.0,52568.0,47.7,41.0,92678.0,47.65,28.0,49498.0,47.6,33.0,50352.0,3042527.0,47.85,3.0,3559.0,47.9,30.0,32229.0,47.95,36.0,49920.0,48.0,61.0,109852.0,48.05,40.0,58447.0,2677129.0,47.45
10662.95,36283.94,0,5990313.0,09:46:37,47.8,34.0,61336.0,47.75,33.0,52568.0,47.7,41.0,92678.0,47.65,28.0,49498.0,47.6,33.0,50352.0,3042527.0,47.85,3.0,3559.0,47.9,30.0,32229.0,47.95,36.0,49920.0,48.0,61.0,109852.0,48.05,40.0,58447.0,2677129.0,47.45
10663.95,36284.59,0,5993601.0,09:46:40,47.8,39.0,63803.0,47.75,39.0,64948.0,47.7,41.0,92678.0,47.65,27.0,49448.0,47.6,33.0,50352.0,3057374.0,47.85,8.0,8343.0,47.9,36.0,36918.0,47.95,32.0,46120.0,48.0,62.0,110352.0,48.05,40.0,59834.0,2684189.0,47.45
10662.70,36279.82,0,5994901.0,09:46:40,47.8,40.0,63883.0,47.75,39.0,64948.0,47.7,41.0,92678.0,47.65,27.0,49448.0,47.6,33.0,50352.0,3062504.0,47.85,9.0,8756.0,47.9,39.0,39724.0,47.95,32.0,46120.0,48.0,64.0,110611.0,48.05,40.0,59834.0,2687717.0,47.45
10662.75,36280.39,0,5994901.0,09:46:40,47.8,40.0,63883.0,47.75,39.0,64948.0,47.7,41.0,92678.0,47.65,27.0,49448.0,47.6,33.0,50352.0,3062504.0,47.85,9.0,8756.0,47.9,39.0,39724.0,47.95,32.0,46120.0,48.0,64.0,110611.0,48.05,40.0,59834.0,2687717.0,47.45
10663.10,36283.31,0,5995401.0,09:46:42,47.8,41.0,57964.0,47.75,39.0,64948.0,47.7,42.0,102678.0,47.65,27.0,49448.0,47.6,33.0,50352.0,3066685.0,47.85,7.0,6338.0,47.9,37.0,38274.0,47.95,33.0,45151.0,48.0,66.0,113130.0,48.05,40.0,59834.0,2686999.0,47.45
10662.75,36284.48,0,5995401.0,09:46:42,47.8,41.0,57964.0,47.75,39.0,64948.0,47.7,42.0,102678.0,47.65,27.0,49448.0,47.6,33.0,50352.0,3066685.0,47.85,7.0,6338.0,47.9,37.0,38274.0,47.95,33.0,45151.0,48.0,66.0,113130.0,48.05,40.0,59834.0,2686999.0,47.45
10664.65,36281.38,0,5995428.0,09:46:45,47.8,41.0,57939.0,47.75,40.0,65108.0,47.7,42.0,102678.0,47.65,27.0,49448.0,47.6,32.0,44352.0,3066820.0,47.85,9.0,7417.0,47.9,32.0,31301.0,47.95,38.0,51283.0,48.0,66.0,113130.0,48.05,40.0,59834.0,2687432.0,47.45
10663.70,36287.18,0,5996392.0,09:46:47,47.8,23.0,30551.0,47.75,34.0,29338.0,47.7,44.0,104329.0,47.65,25.0,37411.0,47.6,34.0,56389.0,3016407.0,47.85,16.0,21957.0,47.9,38.0,42900.0,47.95,33.0,46220.0,48.0,67.0,111721.0,48.05,40.0,59834.0,2703509.0,47.45
10662.95,36284.71,0,5996392.0,09:46:47,47.8,23.0,30551.0,47.75,34.0,29338.0,47.7,44.0,104329.0,47.65,25.0,37411.0,47.6,34.0,56389.0,3016407.0,47.85,16.0,21957.0,47.9,38.0,42900.0,47.95,33.0,46220.0,48.0,67.0,111721.0,48.05,40.0,59834.0,2703509.0,47.45
10662.00,36279.98,0,5998805.0,09:46:49,47.8,24.0,29233.0,47.75,40.0,37473.0,47.7,50.0,114241.0,47.65,25.0,37411.0,47.6,34.0,56389.0,3032636.0,47.85,14.0,21326.0,47.9,40.0,44400.0,47.95,34.0,45481.0,48.0,69.0,112741.0,48.05,39.0,59814.0,2709589.0,47.45
10661.95,36282.63,0,6028571.0,09:46:50,47.75,34.0,28525.0,47.7,47.0,88763.0,47.65,33.0,63462.0,47.6,33.0,52552.0,47.55,29.0,45039.0,2996071.0,47.8,8.0,8262.0,47.85,35.0,49953.0,47.9,28.0,44907.0,47.95,34.0,52584.0,48.0,70.0,114088.0,2742090.0,47.45
10660.55,36280.49,0,6028571.0,09:46:50,47.75,34.0,28525.0,47.7,47.0,88763.0,47.65,33.0,63462.0,47.6,33.0,52552.0,47.55,29.0,45039.0,2996071.0,47.8,8.0,8262.0,47.85,35.0,49953.0,47.9,28.0,44907.0,47.95,34.0,52584.0,48.0,70.0,114088.0,2742090.0,47.45
10661.20,36278.41,0,6028575.0,09:46:51,47.75,35.0,28527.0,47.7,53.0,98414.0,47.65,27.0,53811.0,47.6,33.0,52552.0,47.55,29.0,45039.0,2996073.0,47.8,6.0,6603.0,47.85,36.0,51003.0,47.9,28.0,44907.0,47.95,35.0,52784.0,48.0,71.0,114588.0,2743131.0,47.45
10660.40,36278.41,0,6028982.0,09:46:53,47.75,37.0,31694.0,47.7,54.0,98514.0,47.65,27.0,53811.0,47.6,33.0,52552.0,47.55,29.0,45039.0,2999830.0,47.8,7.0,6446.0,47.85,37.0,51509.0,47.9,28.0,44907.0,47.95,35.0,52784.0,48.0,70.0,114838.0,2743780.0,47.45
10661.05,36269.15,0,6029639.0,09:46:55,47.75,35.0,26187.0,47.7,53.0,109735.0,47.65,28.0,48730.0,47.6,34.0,60752.0,47.55,29.0,45039.0,3008663.0,47.8,12.0,11405.0,47.85,36.0,49823.0,47.9,27.0,44652.0,47.95,36.0,57530.0,48.0,73.0,118369.0,2753554.0,47.45
10660.20,36270.95,0,6029639.0,09:46:55,47.75,35.0,26187.0,47.7,53.0,109735.0,47.65,28.0,48730.0,47.6,34.0,60752.0,47.55,29.0,45039.0,3008663.0,47.8,12.0,11405.0,47.85,36.0,49823.0,47.9,27.0,44652.0,47.95,36.0,57530.0,48.0,73.0,118369.0,2753554.0,47.45
10660.45,36271.19,0,6030580.0,09:46:57,47.75,36.0,28754.0,47.7,53.0,109735.0,47.65,28.0,48730.0,47.6,34.0,60752.0,47.55,29.0,45039.0,3011230.0,47.8,14.0,11493.0,47.85,36.0,49823.0,47.9,27.0,44652.0,47.95,36.0,57530.0,48.0,73.0,118369.0,2753942.0,47.45
10660.45,36272.96,0,6030730.0,09:46:59,47.75,23.0,8760.0,47.7,46.0,81259.0,47.65,34.0,60727.0,47.6,33.0,44377.0,47.55,30.0,53239.0,2974314.0,47.8,16.0,15874.0,47.85,37.0,50063.0,47.9,27.0,44652.0,47.95,36.0,57530.0,48.0,74.0,119369.0,2755423.0,47.45
10660.50,36271.54,0,6030730.0,09:46:59,47.75,23.0,8760.0,47.7,46.0,81259.0,47.65,34.0,60727.0,47.6,33.0,44377.0,47.55,30.0,53239.0,2974314.0,47.8,16.0,15874.0,47.85,37.0,50063.0,47.9,27.0,44652.0,47.95,36.0,57530.0,48.0,74.0,119369.0,2755423.0,47.45
10660.85,36268.96,0,6030740.0,09:46:59,47.75,37.0,34533.0,47.7,58.0,108812.0,47.65,27.0,56130.0,47.6,34.0,52577.0,47.55,29.0,45039.0,3015386.0,47.8,6.0,4441.0,47.85,39.0,50543.0,47.9,27.0,44652.0,47.95,36.0,57530.0,48.0,77.0,123756.0,2748760.0,47.45
10661.65,36269.79,0,6033874.0,09:47:02,47.75,30.0,28121.0,47.7,60.0,115699.0,47.65,26.0,53711.0,47.6,34.0,52577.0,47.55,29.0,45039.0,3013792.0,47.8,3.0,1796.0,47.85,27.0,29629.0,47.9,38.0,60569.0,47.95,36.0,50410.0,48.0,77.0,128119.0,2746555.0,47.45
10662.10,36273.53,0,6033874.0,09:47:02,47.75,30.0,28121.0,47.7,60.0,115699.0,47.65,26.0,53711.0,47.6,34.0,52577.0,47.55,29.0,45039.0,3013792.0,47.8,3.0,1796.0,47.85,27.0,29629.0,47.9,38.0,60569.0,47.95,36.0,50410.0,48.0,77.0,128119.0,2746555.0,47.45
10661.15,36272.02,0,6033874.0,09:47:02,47.75,31.0,28124.0,47.7,60.0,115699.0,47.65,26.0,53711.0,47.6,34.0,52577.0,47.55,29.0,45039.0,3014200.0,47.8,3.0,1796.0,47.85,31.0,37762.0,47.9,36.0,61788.0,47.95,36.0,50410.0,48.0,77.0,128119.0,2751820.0,47.45
10661.75,36278.63,0,6033916.0,09:47:05,47.75,19.0,7970.0,47.7,54.0,88701.0,47.65,33.0,60810.0,47.6,33.0,44377.0,47.55,30.0,53239.0,2981879.0,47.8,16.0,16969.0,47.85,39.0,49508.0,47.9,28.0,55009.0,47.95,34.0,48930.0,48.0,76.0,122977.0,2765084.0,47.45
10662.70,36277.88,0,6034416.0,09:47:07,47.75,31.0,29199.0,47.7,62.0,116018.0,47.65,26.0,53711.0,47.6,34.0,52577.0,47.55,29.0,45039.0,3015369.0,47.8,11.0,9033.0,47.85,39.0,49508.0,47.9,29.0,57009.0,47.95,35.0,48970.0,48.0,76.0,120978.0,2761168.0,47.45
10661.35,36277.02,0,6034416.0,09:47:07,47.75,31.0,29199.0,47.7,62.0,116018.0,47.65,26.0,53711.0,47.6,34.0,52577.0,47.55,29.0,45039.0,3015369.0,47.8,11.0,9033.0,47.85,39.0,49508.0,47.9,29.0,57009.0,47.95,35.0,48970.0,48.0,76.0,120978.0,2761168.0,47.45
10663.00,36285.51,0,6036204.0,09:47:08,47.8,2.0,3578.0,47.75,36.0,41217.0,47.7,62.0,115243.0,47.65,25.0,45511.0,47.6,33.0,52527.0,3021940.0,47.85,37.0,45473.0,47.9,29.0,57009.0,47.95,35.0,48970.0,48.0,76.0,120978.0,48.05,40.0,55751.0,2748135.0,47.45
10663.40,36287.75,0,6042624.0,09:47:10,47.8,21.0,39364.0,47.75,46.0,80840.0,47.7,52.0,106965.0,47.65,26.0,45811.0,47.6,32.0,44327.0,3069704.0,47.85,9.0,5430.0,47.9,43.0,73859.0,47.95,37.0,50391.0,48.0,76.0,127377.0,48.05,40.0,55751.0,2740469.0,47.45
10664.65,36287.32,0,6042624.0,09:47:10,47.8,21.0,39364.0,47.75,46.0,80840.0,47.7,52.0,106965.0,47.65,26.0,45811.0,47.6,32.0,44327.0,3069704.0,47.85,9.0,5430.0,47.9,43.0,73859.0,47.95,37.0,50391.0,48.0,76.0,127377.0,48.05,40.0,55751.0,2740469.0,47.45
10664.45,36289.18,0,6048059.0,09:47:12,47.85,11.0,11658.0,47.8,24.0,40893.0,47.75,48.0,86434.0,47.7,53.0,99090.0,47.65,26.0,45811.0,3080600.0,47.9,23.0,27731.0,47.95,49.0,66328.0,48.0,77.0,116861.0,48.05,40.0,60114.0,48.1,49.0,59342.0,2710786.0,47.45
10665.55,36294.61,0,6048059.0,09:47:12,47.85,15.0,15609.0,47.8,29.0,45929.0,47.75,45.0,81420.0,47.7,54.0,99190.0,47.65,27.0,49648.0,3084698.0,47.9,20.0,23026.0,47.95,48.0,63685.0,48.0,78.0,117361.0,48.05,40.0,60114.0,48.1,49.0,59342.0,2703948.0,47.45
10665.50,36293.26,0,6048059.0,09:47:12,47.85,15.0,15609.0,47.8,29.0,45929.0,47.75,45.0,81420.0,47.7,54.0,99190.0,47.65,27.0,49648.0,3084698.0,47.9,20.0,23026.0,47.95,48.0,63685.0,48.0,78.0,117361.0,48.05,40.0,60114.0,48.1,49.0,59342.0,2703948.0,47.45
10664.65,36289.79,0,6049870.0,09:47:16,47.85,10.0,8755.0,47.8,30.0,50397.0,47.75,46.0,77502.0,47.7,53.0,99170.0,47.65,27.0,49648.0,3078694.0,47.9,22.0,25762.0,47.95,49.0,63722.0,48.0,78.0,117361.0,48.05,40.0,60114.0,48.1,49.0,59342.0,2706734.0,47.45
10664.50,36290.05,0,6070983.0,09:47:17,47.85,5.0,3767.0,47.8,32.0,46614.0,47.75,47.0,77527.0,47.7,53.0,99170.0,47.65,27.0,49648.0,3070948.0,47.9,24.0,29887.0,47.95,49.0,63722.0,48.0,79.0,118361.0,48.05,40.0,60114.0,48.1,49.0,59342.0,2710859.0,47.45
10664.05,36292.85,0,6070983.0,09:47:17,47.85,5.0,3767.0,47.8,32.0,46614.0,47.75,47.0,77527.0,47.7,53.0,99170.0,47.65,27.0,49648.0,3070948.0,47.9,24.0,29887.0,47.95,49.0,63722.0,48.0,79.0,118361.0,48.05,40.0,60114.0,48.1,49.0,59342.0,2710859.0,47.45
10663.95,36294.19,0,6072096.0,09:47:19,47.85,5.0,3664.0,47.8,32.0,46614.0,47.75,48.0,79527.0,47.7,52.0,98570.0,47.65,27.0,49648.0,3073045.0,47.9,24.0,29895.0,47.95,49.0,63722.0,48.0,78.0,118351.0,48.05,40.0,60114.0,48.1,49.0,59342.0,2711107.0,47.45
10662.25,36285.47,0,6075204.0,09:47:21,47.85,17.0,28448.0,47.8,38.0,65419.0,47.75,41.0,68696.0,47.7,53.0,106770.0,47.65,26.0,41448.0,3098216.0,47.9,15.0,16556.0,47.95,51.0,64635.0,48.0,77.0,118010.0,48.05,39.0,58834.0,48.1,48.0,56782.0,2696420.0,47.45
10663.20,36285.47,0,6075204.0,09:47:21,47.85,17.0,28448.0,47.8,38.0,65419.0,47.75,41.0,68696.0,47.7,53.0,106770.0,47.65,26.0,41448.0,3098216.0,47.9,15.0,16556.0,47.95,51.0,64635.0,48.0,77.0,118010.0,48.05,39.0,58834.0,48.1,48.0,56782.0,2696420.0,47.45
10659.65,36276.98,0,6075605.0,09:47:22,47.85,18.0,31148.0,47.8,37.0,62719.0,47.75,42.0,68946.0,47.7,53.0,106770.0,47.65,26.0,41448.0,3098496.0,47.9,16.0,16468.0,47.95,50.0,64322.0,48.0,77.0,118010.0,48.05,39.0,58834.0,48.1,48.0,56782.0,2696019.0,47.45
10659.65,36276.68,0,6078408.0,09:47:23,47.8,16.0,15182.0,47.75,47.0,46553.0,47.7,61.0,118182.0,47.65,25.0,37611.0,47.6,38.0,57529.0,3032891.0,47.85,16.0,19228.0,47.9,39.0,52548.0,47.95,36.0,47215.0,48.0,77.0,120767.0,48.05,39.0,58834.0,2722033.0,47.45
10659.65,36275.36,0,6078609.0,09:47:25,47.8,19.0,16416.0,47.75,46.0,49629.0,47.7,62.0,109914.0,47.65,25.0,37611.0,47.6,38.0,57529.0,3029033.0,47.85,13.0,15427.0,47.9,40.0,52598.0,47.95,36.0,47215.0,48.0,77.0,120767.0,48.05,39.0,58834.0,2718132.0,47.45
10659.70,36277.10,0,6078619.0,09:47:26,47.8,18.0,16103.0,47.75,47.0,49942.0,47.7,62.0,109914.0,47.65,25.0,37611.0,47.6,38.0,57529.0,3029038.0,47.85,14.0,16317.0,47.9,40.0,52598.0,47.95,37.0,47265.0,48.0,77.0,120767.0,48.05,39.0,58834.0,2719422.0,47.45
10659.40,36275.16,0,6078619.0,09:47:26,47.8,18.0,16103.0,47.75,47.0,49942.0,47.7,62.0,109914.0,47.65,25.0,37611.0,47.6,38.0,57529.0,3029038.0,47.85,14.0,16317.0,47.9,40.0,52598.0,47.95,37.0,47265.0,48.0,77.0,120767.0,48.05,39.0,58834.0,2719422.0,47.45
10660.15,36277.92,0,6079769.0,09:47:27,47.8,17.0,12853.0,47.75,48.0,49948.0,47.7,61.0,109908.0,47.65,25.0,37611.0,47.6,38.0,57529.0,3026788.0,47.85,16.0,19017.0,47.9,41.0,53598.0,47.95,37.0,47265.0,48.0,76.0,119767.0,48.05,39.0,58834.0,2734472.0,47.45
10659.85,36278.49,0,6080780.0,09:47:30,47.8,20.0,14970.0,47.75,48.0,49948.0,47.7,60.0,109408.0,47.65,25.0,37611.0,47.6,38.0,57529.0,3029705.0,47.85,15.0,18006.0,47.9,41.0,53598.0,47.95,37.0,47265.0,48.0,78.0,120167.0,48.05,40.0,59334.0,2737161.0,47.45
10659.85,36272.81,0,6080780.0,09:47:30,47.8,20.0,14970.0,47.75,48.0,49948.0,47.7,60.0,109408.0,47.65,25.0,37611.0,47.6,38.0,57529.0,3029705.0,47.85,15.0,18006.0,47.9,41.0,53598.0,47.95,37.0,47265.0,48.0,78.0,120167.0,48.05,40.0,59334.0,2737161.0,47.45
10660.60,36279.62,0,6081695.0,09:47:31,47.8,23.0,17770.0,47.75,49.0,49998.0,47.7,60.0,109408.0,47.65,25.0,37611.0,47.6,38.0,57529.0,3033055.0,47.85,14.0,16393.0,47.9,41.0,53598.0,47.95,38.0,47465.0,48.0,79.0,120367.0,48.05,40.0,59334.0,2735765.0,47.45
10662.30,36278.39,0,6082330.0,09:47:33,47.8,25.0,17633.0,47.75,48.0,49685.0,47.7,59.0,109358.0,47.65,25.0,37611.0,47.6,38.0,57529.0,3033455.0,47.85,15.0,16268.0,47.9,43.0,55698.0,47.95,38.0,47465.0,48.0,80.0,121367.0,48.05,40.0,59334.0,2739740.0,47.45
10662.40,36282.48,0,6082380.0,09:47:33,47.8,25.0,17633.0,47.75,49.0,50685.0,47.7,59.0,109358.0,47.65,25.0,37611.0,47.6,38.0,57529.0,3035005.0,47.85,14.0,14918.0,47.9,44.0,55798.0,47.95,38.0,47465.0,48.0,81.0,123867.0,48.05,40.0,59334.0,2742490.0,47.45
10662.40,36283.50,0,6082380.0,09:47:33,47.8,25.0,17633.0,47.75,49.0,50685.0,47.7,59.0,109358.0,47.65,25.0,37611.0,47.6,38.0,57529.0,3035005.0,47.85,14.0,14918.0,47.9,44.0,55798.0,47.95,38.0,47465.0,48.0,81.0,123867.0,48.05,40.0,59334.0,2742490.0,47.45
10663.35,36284.92,0,6083613.0,09:47:36,47.85,1.0,46.0,47.8,42.0,47824.0,47.75,50.0,63946.0,47.7,53.0,101396.0,47.65,26.0,45811.0,3059007.0,47.9,42.0,52265.0,47.95,39.0,50609.0,48.0,81.0,123723.0,48.05,40.0,59334.0,48.1,51.0,67149.0,2730323.0,47.45
10663.35,36284.92,0,6083613.0,09:47:36,47.85,1.0,46.0,47.8,42.0,47824.0,47.75,50.0,63946.0,47.7,53.0,101396.0,47.65,26.0,45811.0,3059007.0,47.9,42.0,52265.0,47.95,39.0,50609.0,48.0,81.0,123723.0,48.05,40.0,59334.0,48.1,51.0,67149.0,2730323.0,47.45
10663.35,36284.92,0,6083613.0,09:47:36,47.85,1.0,46.0,47.8,42.0,47824.0,47.75,50.0,63946.0,47.7,53.0,101396.0,47.65,26.0,45811.0,3059007.0,47.9,42.0,52265.0,47.95,39.0,50609.0,48.0,81.0,123723.0,48.05,40.0,59334.0,48.1,51.0,67149.0,2730323.0,47.45
10663.35,36284.92,0,6083613.0,09:47:36,47.85,1.0,46.0,47.8,42.0,47824.0,47.75,50.0,63946.0,47.7,53.0,101396.0,47.65,26.0,45811.0,3059007.0,47.9,42.0,52265.0,47.95,39.0,50609.0,48.0,81.0,123723.0,48.05,40.0,59334.0,48.1,51.0,67149.0,2730323.0,47.45
10663.35,36284.92,0,6083613.0,09:47:36,47.85,1.0,46.0,47.8,42.0,47824.0,47.75,50.0,63946.0,47.7,53.0,101396.0,47.65,26.0,45811.0,3059007.0,47.9,42.0,52265.0,47.95,39.0,50609.0,48.0,81.0,123723.0,48.05,40.0,59334.0,48.1,51.0,67149.0,2730323.0,47.45
10663.35,36284.92,0,6083613.0,09:47:36,47.85,1.0,46.0,47.8,42.0,47824.0,47.75,50.0,63946.0,47.7,53.0,101396.0,47.65,26.0,45811.0,3059007.0,47.9,42.0,52265.0,47.95,39.0,50609.0,48.0,81.0,123723.0,48.05,40.0,59334.0,48.1,51.0,67149.0,2730323.0,47.45
10657.35,36268.62,0,6085513.0,09:47:44,47.8,43.0,50739.0,47.75,51.0,63646.0,47.7,54.0,109596.0,47.65,26.0,45811.0,47.6,38.0,49339.0,3069833.0,47.85,9.0,8966.0,47.9,44.0,53166.0,47.95,40.0,53037.0,48.0,81.0,122773.0,48.05,41.0,59434.0,2742848.0,47.45
10658.20,36270.80,0,6085513.0,09:47:44,47.8,43.0,50739.0,47.75,51.0,63646.0,47.7,54.0,109596.0,47.65,26.0,45811.0,47.6,38.0,49339.0,3069833.0,47.85,9.0,8966.0,47.9,44.0,53166.0,47.95,40.0,53037.0,48.0,81.0,122773.0,48.05,41.0,59434.0,2742848.0,47.45
10660.05,36266.40,0,6085813.0,09:47:46,47.8,42.0,46271.0,47.75,52.0,68114.0,47.7,55.0,109646.0,47.65,26.0,45811.0,47.6,38.0,49339.0,3068803.0,47.85,9.0,8666.0,47.9,45.0,53168.0,47.95,40.0,53037.0,48.0,82.0,122853.0,48.05,41.0,59434.0,2740630.0,47.45
10663.65,36279.23,0,6090217.0,09:47:47,47.8,42.0,42277.0,47.75,53.0,70533.0,47.7,54.0,109618.0,47.65,26.0,45811.0,47.6,38.0,49339.0,3069076.0,47.85,3.0,804.0,47.9,45.0,53816.0,47.95,43.0,54987.0,48.0,83.0,122903.0,48.05,42.0,59529.0,2735511.0,47.45
10663.35,36279.23,0,6092523.0,09:47:49,47.8,39.0,37955.0,47.75,56.0,74549.0,47.7,54.0,109618.0,47.65,26.0,45811.0,47.6,38.0,49339.0,3068780.0,47.85,5.0,3585.0,47.9,45.0,54316.0,47.95,42.0,54350.0,48.0,84.0,122940.0,48.05,43.0,59689.0,2738352.0,47.45
10664.05,36280.82,0,6093141.0,09:47:50,47.8,31.0,21944.0,47.75,49.0,45132.0,47.7,61.0,113880.0,47.65,25.0,37611.0,47.6,39.0,57539.0,3039933.0,47.85,18.0,19886.0,47.9,46.0,56087.0,47.95,39.0,50481.0,48.0,85.0,123440.0,48.05,42.0,59189.0,2749335.0,47.45
10661.70,36280.70,0,6093141.0,09:47:50,47.8,31.0,21944.0,47.75,49.0,45132.0,47.7,61.0,113880.0,47.65,25.0,37611.0,47.6,39.0,57539.0,3039933.0,47.85,18.0,19886.0,47.9,46.0,56087.0,47.95,39.0,50481.0,48.0,85.0,123440.0,48.05,42.0,59189.0,2749335.0,47.45
10661.70,36284.48,0,6095419.0,09:47:52,47.8,28.0,17863.0,47.75,50.0,45155.0,47.7,61.0,105955.0,47.65,25.0,37611.0,47.6,39.0,57539.0,3037376.0,47.85,19.0,23826.0,47.9,47.0,56097.0,47.95,39.0,50481.0,48.0,84.0,123430.0,48.05,42.0,59189.0,2753275.0,47.45
10662.85,36285.03,0,6095419.0,09:47:52,47.8,28.0,17863.0,47.75,50.0,45155.0,47.7,61.0,105955.0,47.65,25.0,37611.0,47.6,39.0,57539.0,3037376.0,47.85,19.0,23826.0,47.9,47.0,56097.0,47.95,39.0,50481.0,48.0,84.0,123430.0,48.05,42.0,59189.0,2753275.0,47.45
10662.40,36282.92,0,6096527.0,09:47:54,47.8,22.0,16810.0,47.75,51.0,49623.0,47.7,60.0,101487.0,47.65,25.0,37611.0,47.6,38.0,56539.0,3041598.0,47.85,18.0,22818.0,47.9,47.0,56097.0,47.95,40.0,50981.0,48.0,83.0,121430.0,48.05,42.0,59189.0,2751707.0,47.45
10662.45,36280.99,0,6096547.0,09:47:55,47.8,22.0,15445.0,47.75,51.0,49623.0,47.7,60.0,101487.0,47.65,25.0,37611.0,47.6,38.0,56539.0,3040233.0,47.85,19.0,22899.0,47.9,47.0,56097.0,47.95,40.0,50981.0,48.0,84.0,121450.0,48.05,42.0,59189.0,2751858.0,47.45
10662.85,36283.13,0,6098387.0,09:47:57,47.8,23.0,15008.0,47.75,52.0,52042.0,47.7,59.0,99068.0,47.65,25.0,37611.0,47.6,38.0,56539.0,3039998.0,47.85,17.0,21599.0,47.9,46.0,53678.0,47.95,41.0,53400.0,48.0,84.0,121450.0,48.05,42.0,58490.0,2752359.0,47.45
10661.15,36281.28,0,6099242.0,09:47:58,47.8,23.0,14243.0,47.75,52.0,52042.0,47.7,59.0,99068.0,47.65,25.0,37611.0,47.6,38.0,56539.0,3039233.0,47.85,17.0,21509.0,47.9,47.0,53878.0,47.95,41.0,53400.0,48.0,85.0,121475.0,48.05,42.0,58490.0,2753774.0,47.45
10661.15,36282.37,0,6099614.0,09:47:59,47.8,24.0,14433.0,47.75,52.0,52042.0,47.7,60.0,99368.0,47.65,25.0,37611.0,47.6,38.0,56539.0,3039423.0,47.85,17.0,21147.0,47.9,47.0,53878.0,47.95,41.0,53400.0,48.0,85.0,121475.0,48.05,42.0,58490.0,2753412.0,47.45
10663.20,36281.86,0,6099614.0,09:47:59,47.8,24.0,14433.0,47.75,52.0,52042.0,47.7,60.0,99368.0,47.65,25.0,37611.0,47.6,38.0,56539.0,3039423.0,47.85,17.0,21147.0,47.9,47.0,53878.0,47.95,41.0,53400.0,48.0,85.0,121475.0,48.05,42.0,58490.0,2753412.0,47.45
10662.10,36282.26,0,6099969.0,09:48:01,47.8,24.0,14178.0,47.75,50.0,50042.0,47.7,61.0,101318.0,47.65,25.0,37611.0,47.6,39.0,56589.0,3039168.0,47.85,19.0,26983.0,47.9,47.0,53528.0,47.95,42.0,54150.0,48.0,84.0,120975.0,48.05,42.0,58490.0,2761708.0,47.45
10662.50,36282.65,0,6100574.0,09:48:02,47.8,26.0,15659.0,47.75,51.0,51729.0,47.7,59.0,99318.0,47.65,25.0,37611.0,47.6,39.0,56589.0,3040536.0,47.85,20.0,27054.0,47.9,46.0,53428.0,47.95,42.0,54150.0,48.0,85.0,121205.0,48.05,42.0,58490.0,2762909.0,47.45
10663.30,36284.62,0,6101720.0,09:48:03,47.8,38.0,42494.0,47.75,54.0,67642.0,47.7,55.0,96862.0,47.65,27.0,54011.0,47.6,38.0,48389.0,3077739.0,47.85,12.0,16845.0,47.9,47.0,55622.0,47.95,41.0,51731.0,48.0,84.0,120205.0,48.05,42.0,58490.0,2755165.0,47.45
10662.10,36286.55,0,6101883.0,09:48:05,47.8,40.0,42346.0,47.75,54.0,67642.0,47.7,54.0,96857.0,47.65,27.0,54011.0,47.6,38.0,48389.0,3077686.0,47.85,13.0,18145.0,47.9,47.0,55622.0,47.95,41.0,51731.0,48.0,83.0,120005.0,48.05,42.0,58490.0,2756765.0,47.45
10663.15,36284.30,0,6101883.0,09:48:05,47.8,40.0,42346.0,47.75,54.0,67642.0,47.7,54.0,96857.0,47.65,27.0,54011.0,47.6,38.0,48389.0,3077686.0,47.85,13.0,18145.0,47.9,47.0,55622.0,47.95,41.0,51731.0,48.0,83.0,120005.0,48.05,42.0,58490.0,2756765.0,47.45
10663.40,36285.97,0,6102457.0,09:48:07,47.8,27.0,17731.0,47.75,52.0,51135.0,47.7,58.0,100732.0,47.65,26.0,40483.0,47.6,39.0,56589.0,3046655.0,47.85,16.0,23008.0,47.9,47.0,55622.0,47.95,41.0,51731.0,48.0,83.0,120005.0,48.05,42.0,58490.0,2758041.0,47.45
10663.50,36291.42,0,6103061.0,09:48:09,47.8,26.0,17127.0,47.75,52.0,51135.0,47.7,57.0,90732.0,47.65,26.0,40483.0,47.6,39.0,56589.0,3046051.0,47.85,17.0,23818.0,47.9,45.0,54772.0,47.95,41.0,51731.0,48.0,83.0,120005.0,48.05,42.0,58490.0,2758001.0,47.45
10664.10,36291.78,0,6104106.0,09:48:09,47.8,38.0,37754.0,47.75,55.0,67250.0,47.7,53.0,86857.0,47.65,29.0,57883.0,47.6,38.0,48389.0,3075704.0,47.85,11.0,16230.0,47.9,48.0,56185.0,47.95,41.0,51731.0,48.0,82.0,119005.0,48.05,42.0,58490.0,2755716.0,47.45
10664.85,36286.05,0,6104106.0,09:48:09,47.8,38.0,37754.0,47.75,55.0,67250.0,47.7,53.0,86857.0,47.65,29.0,57883.0,47.6,38.0,48389.0,3075704.0,47.85,11.0,16230.0,47.9,48.0,56185.0,47.95,41.0,51731.0,48.0,82.0,119005.0,48.05,42.0,58490.0,2755716.0,47.45
10665.65,36289.70,0,6104206.0,09:48:11,47.8,39.0,37655.0,47.75,55.0,67250.0,47.7,53.0,86857.0,47.65,29.0,57883.0,47.6,38.0,48389.0,3075605.0,47.85,14.0,18409.0,47.9,47.0,55872.0,47.95,41.0,51731.0,48.0,83.0,119505.0,48.05,42.0,58490.0,2758182.0,47.45
10665.85,36289.25,0,6105891.0,09:48:13,47.8,40.0,39555.0,47.75,57.0,70369.0,47.7,53.0,91948.0,47.65,28.0,49683.0,47.6,39.0,49397.0,3078523.0,47.85,6.0,8415.0,47.9,47.0,55985.0,47.95,41.0,51731.0,48.0,83.0,119505.0,48.05,42.0,58490.0,2748801.0,47.45
10666.90,36290.48,0,6105891.0,09:48:13,47.8,40.0,39555.0,47.75,57.0,70369.0,47.7,53.0,91948.0,47.65,28.0,49683.0,47.6,39.0,49397.0,3078523.0,47.85,6.0,8415.0,47.9,47.0,55985.0,47.95,41.0,51731.0,48.0,83.0,119505.0,48.05,42.0,58490.0,2748801.0,47.45
10666.00,36294.18,0,6110696.0,09:48:16,47.8,41.0,40550.0,47.75,57.0,70369.0,47.7,53.0,91948.0,47.65,28.0,49683.0,47.6,39.0,49397.0,3079508.0,47.85,5.0,2673.0,47.9,48.0,56000.0,47.95,41.0,51731.0,48.0,83.0,119505.0,48.05,43.0,59372.0,2744056.0,47.45
10667.05,36293.00,0,6110696.0,09:48:16,47.8,41.0,40550.0,47.75,57.0,70369.0,47.7,53.0,91948.0,47.65,28.0,49683.0,47.6,39.0,49397.0,3079508.0,47.85,5.0,2673.0,47.9,48.0,56000.0,47.95,41.0,51731.0,48.0,83.0,119505.0,48.05,43.0,59372.0,2744056.0,47.45
10667.05,36296.13,0,6110996.0,09:48:17,47.8,42.0,41250.0,47.75,57.0,70369.0,47.7,53.0,91948.0,47.65,28.0,49683.0,47.6,39.0,49397.0,3080508.0,47.85,5.0,2673.0,47.9,48.0,56000.0,47.95,41.0,51731.0,48.0,85.0,120705.0,48.05,43.0,59372.0,2744306.0,47.45
10667.15,36297.22,0,6110996.0,09:48:17,47.8,42.0,41250.0,47.75,57.0,70369.0,47.7,53.0,91948.0,47.65,28.0,49683.0,47.6,39.0,49397.0,3080508.0,47.85,5.0,2673.0,47.9,48.0,56000.0,47.95,41.0,51731.0,48.0,85.0,120705.0,48.05,43.0,59372.0,2744306.0,47.45
10668.20,36296.92,0,6112029.0,09:48:19,47.8,43.0,41256.0,47.75,56.0,70363.0,47.7,54.0,91977.0,47.65,29.0,49698.0,47.6,40.0,50397.0,3081607.0,47.85,5.0,1640.0,47.9,49.0,57785.0,47.95,41.0,51731.0,48.0,85.0,120705.0,48.05,43.0,59372.0,2745208.0,47.45
10668.20,36298.09,0,6112529.0,09:48:21,47.8,44.0,41356.0,47.75,56.0,70363.0,47.7,53.0,89477.0,47.65,29.0,49698.0,47.6,41.0,53397.0,3082307.0,47.85,6.0,2158.0,47.9,49.0,57785.0,47.95,42.0,51738.0,48.0,85.0,120705.0,48.05,43.0,59372.0,2746269.0,47.45
10668.20,36298.09,0,6112529.0,09:48:21,47.8,44.0,41356.0,47.75,56.0,70363.0,47.7,53.0,89477.0,47.65,29.0,49698.0,47.6,41.0,53397.0,3082307.0,47.85,6.0,2158.0,47.9,49.0,57785.0,47.95,42.0,51738.0,48.0,85.0,120705.0,48.05,43.0,59372.0,2746269.0,47.45
10668.20,36298.09,0,6112529.0,09:48:21,47.8,44.0,41356.0,47.75,56.0,70363.0,47.7,53.0,89477.0,47.65,29.0,49698.0,47.6,41.0,53397.0,3082307.0,47.85,6.0,2158.0,47.9,49.0,57785.0,47.95,42.0,51738.0,48.0,85.0,120705.0,48.05,43.0,59372.0,2746269.0,47.45
10668.20,36298.09,0,6112529.0,09:48:21,47.8,44.0,41356.0,47.75,56.0,70363.0,47.7,53.0,89477.0,47.65,29.0,49698.0,47.6,41.0,53397.0,3082307.0,47.85,6.0,2158.0,47.9,49.0,57785.0,47.95,42.0,51738.0,48.0,85.0,120705.0,48.05,43.0,59372.0,2746269.0,47.45
10668.20,36298.09,0,6112529.0,09:48:21,47.8,44.0,41356.0,47.75,56.0,70363.0,47.7,53.0,89477.0,47.65,29.0,49698.0,47.6,41.0,53397.0,3082307.0,47.85,6.0,2158.0,47.9,49.0,57785.0,47.95,42.0,51738.0,48.0,85.0,120705.0,48.05,43.0,59372.0,2746269.0,47.45
10668.20,36298.09,0,6112529.0,09:48:21,47.8,44.0,41356.0,47.75,56.0,70363.0,47.7,53.0,89477.0,47.65,29.0,49698.0,47.6,41.0,53397.0,3082307.0,47.85,6.0,2158.0,47.9,49.0,57785.0,47.95,42.0,51738.0,48.0,85.0,120705.0,48.05,43.0,59372.0,2746269.0,47.45
10668.20,36298.09,0,6112529.0,09:48:21,47.8,44.0,41356.0,47.75,56.0,70363.0,47.7,53.0,89477.0,47.65,29.0,49698.0,47.6,41.0,53397.0,3082307.0,47.85,6.0,2158.0,47.9,49.0,57785.0,47.95,42.0,51738.0,48.0,85.0,120705.0,48.05,43.0,59372.0,2746269.0,47.45
10668.20,36298.09,0,6112529.0,09:48:21,47.8,44.0,41356.0,47.75,56.0,70363.0,47.7,53.0,89477.0,47.65,29.0,49698.0,47.6,41.0,53397.0,3082307.0,47.85,6.0,2158.0,47.9,49.0,57785.0,47.95,42.0,51738.0,48.0,85.0,120705.0,48.05,43.0,59372.0,2746269.0,47.45
10668.20,36298.09,0,6112529.0,09:48:21,47.8,44.0,41356.0,47.75,56.0,70363.0,47.7,53.0,89477.0,47.65,29.0,49698.0,47.6,41.0,53397.0,3082307.0,47.85,6.0,2158.0,47.9,49.0,57785.0,47.95,42.0,51738.0,48.0,85.0,120705.0,48.05,43.0,59372.0,2746269.0,47.45
10668.20,36298.09,0,6112529.0,09:48:21,47.8,44.0,41356.0,47.75,56.0,70363.0,47.7,53.0,89477.0,47.65,29.0,49698.0,47.6,41.0,53397.0,3082307.0,47.85,6.0,2158.0,47.9,49.0,57785.0,47.95,42.0,51738.0,48.0,85.0,120705.0,48.05,43.0,59372.0,2746269.0,47.45
10668.20,36298.09,0,6112529.0,09:48:21,47.8,44.0,41356.0,47.75,56.0,70363.0,47.7,53.0,89477.0,47.65,29.0,49698.0,47.6,41.0,53397.0,3082307.0,47.85,6.0,2158.0,47.9,49.0,57785.0,47.95,42.0,51738.0,48.0,85.0,120705.0,48.05,43.0,59372.0,2746269.0,47.45
10668.20,36298.09,0,6112529.0,09:48:21,47.8,44.0,41356.0,47.75,56.0,70363.0,47.7,53.0,89477.0,47.65,29.0,49698.0,47.6,41.0,53397.0,3082307.0,47.85,6.0,2158.0,47.9,49.0,57785.0,47.95,42.0,51738.0,48.0,85.0,120705.0,48.05,43.0,59372.0,2746269.0,47.45
10668.20,36298.09,0,6112529.0,09:48:21,47.8,44.0,41356.0,47.75,56.0,70363.0,47.7,53.0,89477.0,47.65,29.0,49698.0,47.6,41.0,53397.0,3082307.0,47.85,6.0,2158.0,47.9,49.0,57785.0,47.95,42.0,51738.0,48.0,85.0,120705.0,48.05,43.0,59372.0,2746269.0,47.45
10668.20,36298.09,0,6112529.0,09:48:21,47.8,44.0,41356.0,47.75,56.0,70363.0,47.7,53.0,89477.0,47.65,29.0,49698.0,47.6,41.0,53397.0,3082307.0,47.85,6.0,2158.0,47.9,49.0,57785.0,47.95,42.0,51738.0,48.0,85.0,120705.0,48.05,43.0,59372.0,2746269.0,47.45
10668.20,36298.09,0,6112529.0,09:48:21,47.8,44.0,41356.0,47.75,56.0,70363.0,47.7,53.0,89477.0,47.65,29.0,49698.0,47.6,41.0,53397.0,3082307.0,47.85,6.0,2158.0,47.9,49.0,57785.0,47.95,42.0,51738.0,48.0,85.0,120705.0,48.05,43.0,59372.0,2746269.0,47.45
10668.20,36298.09,0,6112529.0,09:48:21,47.8,44.0,41356.0,47.75,56.0,70363.0,47.7,53.0,89477.0,47.65,29.0,49698.0,47.6,41.0,53397.0,3082307.0,47.85,6.0,2158.0,47.9,49.0,57785.0,47.95,42.0,51738.0,48.0,85.0,120705.0,48.05,43.0,59372.0,2746269.0,47.45
10668.20,36298.09,0,6112529.0,09:48:21,47.8,44.0,41356.0,47.75,56.0,70363.0,47.7,53.0,89477.0,47.65,29.0,49698.0,47.6,41.0,53397.0,3082307.0,47.85,6.0,2158.0,47.9,49.0,57785.0,47.95,42.0,51738.0,48.0,85.0,120705.0,48.05,43.0,59372.0,2746269.0,47.45
10668.20,36298.09,0,6112529.0,09:48:21,47.8,44.0,41356.0,47.75,56.0,70363.0,47.7,53.0,89477.0,47.65,29.0,49698.0,47.6,41.0,53397.0,3082307.0,47.85,6.0,2158.0,47.9,49.0,57785.0,47.95,42.0,51738.0,48.0,85.0,120705.0,48.05,43.0,59372.0,2746269.0,47.45
