Nifty 50,sensex,BankBaroda(share price),volume,LTT,Bid-1,orders-1,Qty-1,Bid-2,orders-2,Qty-2,Bid-3,orders-3,Qty-3,Bid-4,orders-4,Qty-4,Bid-5,orders-5,Qty-5,Total-1,offer-1,orders-1,Qty-1,offer-2,orders-2,Qty-2,offer-3,orders-3,Qty-3,offer-4,orders-4,Qty-4,offer-5,orders-5,Qty-5,Total-2,Average_price
10641.80,36189.65,0,8782764.0,12:33:00,342.2,1.0,16.0,342.15,1.0,375.0,342.1,6.0,505.0,342.05,2.0,419.0,342.0,11.0,2413.0,699680.0,342.3,2.0,337.0,342.35,3.0,8.0,342.4,5.0,602.0,342.45,1.0,2.0,342.5,7.0,5947.0,683188.0,342.07
10642.15,36190.17,0,8782764.0,12:33:00,342.2,1.0,16.0,342.15,2.0,410.0,342.1,6.0,540.0,342.05,2.0,419.0,342.0,10.0,2033.0,699370.0,342.3,2.0,337.0,342.35,5.0,46.0,342.4,5.0,602.0,342.5,7.0,5947.0,342.55,6.0,1200.0,683224.0,342.07
10640.70,36189.90,0,8782764.0,12:33:00,342.2,1.0,16.0,342.15,2.0,410.0,342.1,6.0,540.0,342.05,2.0,419.0,342.0,10.0,2033.0,699371.0,342.3,2.0,337.0,342.35,5.0,46.0,342.4,5.0,602.0,342.5,7.0,5947.0,342.55,6.0,1200.0,683224.0,342.07
10640.70,36189.90,0,8782765.0,12:33:05,342.2,1.0,16.0,342.15,2.0,410.0,342.1,6.0,540.0,342.05,2.0,419.0,342.0,12.0,2258.0,702246.0,342.3,2.0,336.0,342.35,5.0,46.0,342.4,5.0,602.0,342.5,7.0,7947.0,342.55,6.0,1200.0,685477.0,342.07
10640.85,36188.74,0,8782922.0,12:33:06,342.15,1.0,35.0,342.1,4.0,219.0,342.05,2.0,419.0,342.0,14.0,2365.0,341.95,4.0,1646.0,701605.0,342.2,1.0,50.0,342.3,2.0,179.0,342.35,5.0,46.0,342.4,5.0,602.0,342.5,7.0,7947.0,685370.0,342.07
10640.80,36189.90,0,8783222.0,12:33:08,342.2,1.0,50.0,342.15,2.0,106.0,342.1,3.0,119.0,342.05,3.0,455.0,342.0,13.0,2294.0,701611.0,342.3,1.0,257.0,342.35,4.0,10.0,342.4,5.0,602.0,342.45,1.0,36.0,342.5,6.0,7747.0,684864.0,342.07
10641.30,36191.14,0,8783247.0,12:33:09,342.2,2.0,275.0,342.15,2.0,106.0,342.1,3.0,119.0,342.05,2.0,419.0,342.0,14.0,2394.0,702050.0,342.3,1.0,257.0,342.35,3.0,5.0,342.4,4.0,432.0,342.45,1.0,36.0,342.5,6.0,7747.0,685358.0,342.07
10641.50,36190.65,0,8784560.0,12:33:10,342.25,4.0,319.0,342.2,4.0,513.0,342.15,3.0,107.0,342.1,3.0,338.0,342.05,7.0,3108.0,705682.0,342.3,1.0,328.0,342.35,2.0,7.0,342.4,3.0,308.0,342.45,2.0,2.0,342.5,6.0,7747.0,685634.0,342.07
10643.40,36191.35,0,8786282.0,12:33:12,342.25,3.0,284.0,342.2,4.0,513.0,342.15,3.0,72.0,342.1,3.0,189.0,342.05,7.0,1995.0,705936.0,342.3,2.0,622.0,342.35,2.0,7.0,342.4,4.0,309.0,342.45,1.0,1.0,342.5,9.0,8347.0,686139.0,342.07
10643.90,36191.03,0,8786282.0,12:33:12,342.25,4.0,320.0,342.2,4.0,513.0,342.15,2.0,36.0,342.1,3.0,189.0,342.05,7.0,1995.0,705936.0,342.3,2.0,622.0,342.35,2.0,7.0,342.4,4.0,309.0,342.45,1.0,1.0,342.5,10.0,8722.0,686139.0,342.07
10644.50,36192.38,0,8787076.0,12:33:14,342.25,1.0,26.0,342.2,3.0,293.0,342.15,2.0,36.0,342.1,2.0,118.0,342.05,7.0,1995.0,705198.0,342.3,1.0,122.0,342.35,2.0,7.0,342.4,3.0,212.0,342.45,1.0,1.0,342.5,6.0,7747.0,685804.0,342.07
10644.55,36191.08,0,8787734.0,12:33:16,342.2,1.0,394.0,342.15,2.0,216.0,342.1,4.0,380.0,342.05,3.0,1175.0,342.0,11.0,1774.0,705298.0,342.3,2.0,338.0,342.35,4.0,9.0,342.4,2.0,211.0,342.5,6.0,7747.0,342.55,5.0,805.0,686020.0,342.07
10644.60,36191.08,0,8787734.0,12:33:16,342.2,1.0,394.0,342.15,2.0,216.0,342.1,3.0,309.0,342.05,4.0,1246.0,342.0,11.0,1774.0,705298.0,342.3,2.0,338.0,342.35,4.0,9.0,342.4,2.0,211.0,342.5,5.0,7347.0,342.55,5.0,805.0,686170.0,342.07
10644.40,36190.02,0,8788234.0,12:33:18,342.2,1.0,394.0,342.15,2.0,224.0,342.1,3.0,309.0,342.05,5.0,1167.0,342.0,10.0,1674.0,705087.0,342.3,1.0,166.0,342.35,3.0,8.0,342.4,4.0,292.0,342.5,5.0,7347.0,342.55,6.0,1180.0,685998.0,342.07
10644.45,36190.55,0,8788234.0,12:33:18,342.2,1.0,394.0,342.15,1.0,188.0,342.1,3.0,309.0,342.05,6.0,1203.0,342.0,10.0,1674.0,704787.0,342.3,1.0,166.0,342.35,3.0,8.0,342.4,4.0,292.0,342.5,6.0,7383.0,342.55,6.0,1180.0,686047.0,342.07
10644.05,36189.33,0,8788234.0,12:33:18,342.2,1.0,394.0,342.15,1.0,188.0,342.1,3.0,309.0,342.05,7.0,1407.0,342.0,10.0,1674.0,704991.0,342.3,1.0,166.0,342.35,3.0,8.0,342.4,4.0,292.0,342.5,6.0,7383.0,342.55,6.0,1180.0,686047.0,342.07
10643.35,36191.52,0,8788855.0,12:33:21,342.25,1.0,11.0,342.1,2.0,167.0,342.05,3.0,405.0,342.0,9.0,1638.0,341.95,7.0,2266.0,703626.0,342.3,3.0,695.0,342.35,5.0,46.0,342.4,3.0,325.0,342.45,6.0,1345.0,342.5,6.0,7582.0,686816.0,342.07
10643.40,36191.52,0,8788855.0,12:33:21,342.25,1.0,11.0,342.1,2.0,167.0,342.05,3.0,405.0,342.0,10.0,1674.0,341.95,6.0,933.0,703682.0,342.3,3.0,695.0,342.35,4.0,10.0,342.4,3.0,325.0,342.45,4.0,781.0,342.5,8.0,7962.0,686116.0,342.07
10643.40,36191.52,0,8788855.0,12:33:21,342.25,2.0,12.0,342.1,2.0,167.0,342.05,3.0,405.0,342.0,9.0,1638.0,341.95,6.0,933.0,703647.0,342.3,3.0,695.0,342.35,5.0,46.0,342.4,3.0,325.0,342.45,6.0,1345.0,342.5,5.0,7362.0,686121.0,342.07
10644.05,36190.78,0,8788885.0,12:33:25,342.25,1.0,16.0,342.1,2.0,167.0,342.05,2.0,201.0,342.0,10.0,1738.0,341.95,6.0,933.0,703552.0,342.3,3.0,695.0,342.35,5.0,46.0,342.4,3.0,325.0,342.45,6.0,1345.0,342.5,5.0,7362.0,686121.0,342.07
10643.60,36190.78,0,8788993.0,12:33:26,342.15,2.0,494.0,342.1,3.0,169.0,342.05,4.0,430.0,342.0,11.0,2038.0,341.95,8.0,2306.0,704561.0,342.3,2.0,586.0,342.35,5.0,11.0,342.4,2.0,289.0,342.45,2.0,236.0,342.5,8.0,8137.0,685807.0,342.07
10643.85,36190.29,0,8789070.0,12:33:28,342.2,4.0,996.0,342.15,3.0,673.0,342.1,3.0,103.0,342.05,2.0,393.0,342.0,12.0,2138.0,705628.0,342.3,3.0,516.0,342.35,2.0,4.0,342.4,4.0,291.0,342.45,1.0,200.0,342.5,8.0,8137.0,685702.0,342.07
10645.00,36193.42,0,8789070.0,12:33:28,342.2,4.0,996.0,342.15,3.0,673.0,342.1,3.0,103.0,342.05,2.0,393.0,342.0,12.0,2138.0,705628.0,342.3,3.0,516.0,342.35,2.0,4.0,342.4,4.0,291.0,342.45,1.0,200.0,342.5,8.0,8137.0,685702.0,342.07
10645.25,36195.24,0,8789266.0,12:33:30,342.25,1.0,9.0,342.2,3.0,775.0,342.15,4.0,744.0,342.1,3.0,103.0,342.05,2.0,393.0,705517.0,342.3,4.0,499.0,342.35,1.0,2.0,342.4,5.0,293.0,342.45,1.0,200.0,342.5,8.0,8137.0,685485.0,342.07
10644.30,36195.02,0,8789266.0,12:33:30,342.25,1.0,9.0,342.2,3.0,775.0,342.15,4.0,744.0,342.1,3.0,103.0,342.05,2.0,393.0,705517.0,342.3,4.0,499.0,342.35,1.0,2.0,342.4,5.0,293.0,342.45,1.0,200.0,342.5,8.0,8137.0,685485.0,342.07
10644.30,36195.02,0,8789765.0,12:33:31,342.25,2.0,30.0,342.2,2.0,739.0,342.15,4.0,709.0,342.1,4.0,174.0,342.05,3.0,493.0,705538.0,342.3,1.0,328.0,342.35,1.0,2.0,342.4,4.0,292.0,342.45,1.0,1.0,342.5,5.0,7362.0,685314.0,342.07
10644.60,36195.28,0,8789765.0,12:33:31,342.25,3.0,66.0,342.2,2.0,739.0,342.15,3.0,673.0,342.1,4.0,174.0,342.05,2.0,393.0,705138.0,342.3,1.0,328.0,342.35,1.0,2.0,342.4,4.0,292.0,342.45,1.0,1.0,342.5,5.0,7362.0,685314.0,342.07
10645.50,36198.96,0,8789765.0,12:33:31,342.25,3.0,66.0,342.2,2.0,739.0,342.15,3.0,673.0,342.1,5.0,184.0,342.05,2.0,393.0,705148.0,342.3,1.0,328.0,342.35,1.0,2.0,342.4,4.0,292.0,342.45,1.0,1.0,342.5,5.0,7362.0,685314.0,342.07
10645.40,36197.48,0,8789765.0,12:33:31,342.25,3.0,66.0,342.2,2.0,739.0,342.15,3.0,673.0,342.1,5.0,184.0,342.05,2.0,393.0,705148.0,342.3,1.0,328.0,342.35,1.0,2.0,342.4,4.0,292.0,342.45,1.0,1.0,342.5,5.0,7362.0,685314.0,342.07
10645.65,36197.34,0,8789765.0,12:33:31,342.25,3.0,66.0,342.2,2.0,739.0,342.15,3.0,673.0,342.1,5.0,184.0,342.05,2.0,393.0,705148.0,342.3,1.0,328.0,342.35,1.0,2.0,342.4,4.0,292.0,342.45,1.0,1.0,342.5,5.0,7362.0,685314.0,342.07
10645.80,36197.34,0,8790791.0,12:33:38,342.25,1.0,27.0,342.2,2.0,52.0,342.15,3.0,673.0,342.1,5.0,184.0,342.05,3.0,429.0,704908.0,342.3,1.0,302.0,342.35,2.0,7.0,342.4,4.0,292.0,342.45,1.0,1.0,342.5,5.0,7362.0,685499.0,342.07
10645.60,36197.78,0,8790791.0,12:33:38,342.25,1.0,27.0,342.2,2.0,52.0,342.15,3.0,673.0,342.1,5.0,184.0,342.05,3.0,429.0,704908.0,342.3,1.0,302.0,342.35,2.0,7.0,342.4,4.0,292.0,342.45,1.0,1.0,342.5,5.0,7362.0,685499.0,342.07
10645.25,36199.01,0,8790791.0,12:33:38,342.25,2.0,58.0,342.2,1.0,21.0,342.15,3.0,673.0,342.1,5.0,184.0,342.05,3.0,429.0,704908.0,342.3,1.0,302.0,342.35,2.0,7.0,342.4,4.0,292.0,342.45,1.0,1.0,342.5,5.0,7362.0,685599.0,342.07
10645.05,36203.91,0,8790791.0,12:33:38,342.25,1.0,27.0,342.2,2.0,52.0,342.15,3.0,673.0,342.1,5.0,184.0,342.05,3.0,429.0,705308.0,342.3,1.0,302.0,342.35,2.0,7.0,342.4,4.0,292.0,342.45,1.0,1.0,342.5,5.0,7362.0,685599.0,342.07
10645.05,36202.92,0,8790916.0,12:33:42,342.25,3.0,74.0,342.2,1.0,21.0,342.15,3.0,673.0,342.1,5.0,184.0,342.05,3.0,429.0,705329.0,342.3,1.0,177.0,342.35,1.0,2.0,342.4,4.0,292.0,342.45,1.0,1.0,342.5,5.0,4605.0,682717.0,342.07
10645.65,36202.80,0,8790946.0,12:33:44,342.25,4.0,76.0,342.2,2.0,235.0,342.15,3.0,673.0,342.1,3.0,111.0,342.05,3.0,429.0,705472.0,342.3,1.0,147.0,342.35,1.0,2.0,342.4,4.0,292.0,342.45,1.0,1.0,342.5,5.0,4605.0,682687.0,342.07
10645.80,36201.53,0,8790946.0,12:33:44,342.25,4.0,76.0,342.2,2.0,235.0,342.15,3.0,673.0,342.1,3.0,111.0,342.05,3.0,429.0,705472.0,342.3,1.0,147.0,342.35,1.0,2.0,342.4,4.0,292.0,342.45,1.0,1.0,342.5,5.0,4605.0,682687.0,342.07
10645.55,36203.80,0,8791122.0,12:33:46,342.25,3.0,41.0,342.2,1.0,21.0,342.15,3.0,673.0,342.1,3.0,111.0,342.05,3.0,429.0,705223.0,342.3,1.0,328.0,342.35,1.0,2.0,342.4,4.0,292.0,342.45,1.0,1.0,342.5,5.0,4605.0,682868.0,342.07
10645.95,36204.56,0,8791950.0,12:33:47,342.25,2.0,39.0,342.2,1.0,21.0,342.15,3.0,673.0,342.1,4.0,323.0,342.05,3.0,429.0,705056.0,342.3,2.0,378.0,342.35,1.0,2.0,342.4,4.0,292.0,342.45,2.0,6.0,342.5,5.0,4605.0,682918.0,342.07
10645.90,36206.80,0,8791950.0,12:33:47,342.25,1.0,8.0,342.2,1.0,21.0,342.15,4.0,704.0,342.1,4.0,323.0,342.05,2.0,236.0,704883.0,342.3,3.0,678.0,342.35,2.0,3.0,342.4,3.0,291.0,342.45,2.0,201.0,342.5,8.0,5205.0,683218.0,342.07
10646.15,36206.16,0,8792653.0,12:33:50,342.25,1.0,28.0,342.2,2.0,52.0,342.15,3.0,743.0,342.1,4.0,319.0,342.05,2.0,426.0,705211.0,342.3,1.0,51.0,342.35,1.0,2.0,342.4,5.0,293.0,342.45,1.0,200.0,342.5,9.0,5580.0,682591.0,342.07
10645.70,36204.32,0,8792704.0,12:33:50,342.25,1.0,26.0,342.2,1.0,21.0,342.15,3.0,743.0,342.1,5.0,350.0,342.05,2.0,426.0,705209.0,342.35,1.0,2.0,342.4,4.0,292.0,342.45,1.0,1.0,342.5,8.0,5205.0,342.55,5.0,836.0,682576.0,342.07
10645.70,36202.34,0,8792704.0,12:33:50,342.25,1.0,26.0,342.2,1.0,21.0,342.15,2.0,672.0,342.1,6.0,421.0,342.05,2.0,426.0,705209.0,342.35,1.0,2.0,342.4,4.0,292.0,342.45,1.0,1.0,342.5,9.0,5241.0,342.55,5.0,836.0,682447.0,342.07
10646.25,36203.02,0,8792704.0,12:33:50,342.25,1.0,26.0,342.2,1.0,21.0,342.15,2.0,672.0,342.1,6.0,421.0,342.05,2.0,426.0,705309.0,342.35,1.0,2.0,342.4,4.0,88.0,342.45,2.0,210.0,342.5,6.0,4641.0,342.55,2.0,41.0,682447.0,342.07
10645.80,36202.82,0,8792704.0,12:33:50,342.25,1.0,26.0,342.2,1.0,21.0,342.15,2.0,672.0,342.1,5.0,390.0,342.05,2.0,426.0,705278.0,342.35,1.0,2.0,342.4,4.0,88.0,342.45,3.0,246.0,342.5,6.0,4641.0,342.55,4.0,605.0,682447.0,342.07
10645.85,36202.11,0,8792704.0,12:33:50,342.25,1.0,26.0,342.2,1.0,21.0,342.15,2.0,672.0,342.1,5.0,390.0,342.05,2.0,426.0,705278.0,342.35,1.0,2.0,342.4,4.0,88.0,342.45,3.0,246.0,342.5,7.0,4651.0,342.55,4.0,605.0,682457.0,342.07
10646.20,36201.82,0,8792704.0,12:33:50,342.25,1.0,26.0,342.2,1.0,21.0,342.15,2.0,672.0,342.1,5.0,390.0,342.05,2.0,426.0,705378.0,342.35,1.0,2.0,342.4,4.0,88.0,342.45,3.0,246.0,342.5,7.0,4651.0,342.55,4.0,605.0,682457.0,342.07
10645.95,36200.97,0,8792704.0,12:33:50,342.25,1.0,26.0,342.2,1.0,21.0,342.15,2.0,672.0,342.1,4.0,319.0,342.05,2.0,426.0,705317.0,342.35,2.0,300.0,342.4,4.0,88.0,342.45,4.0,282.0,342.5,7.0,4785.0,342.55,5.0,805.0,682925.0,342.07
10645.95,36200.97,0,8792704.0,12:33:50,342.25,1.0,26.0,342.2,1.0,21.0,342.15,2.0,672.0,342.1,4.0,319.0,342.05,2.0,426.0,705317.0,342.35,2.0,300.0,342.4,5.0,124.0,342.45,3.0,246.0,342.5,9.0,5110.0,342.55,5.0,980.0,683050.0,342.07
10645.95,36200.66,0,8792999.0,12:34:00,342.25,2.0,29.0,342.2,1.0,21.0,342.15,2.0,672.0,342.1,5.0,321.0,342.05,2.0,426.0,705222.0,342.35,5.0,781.0,342.4,5.0,124.0,342.45,1.0,228.0,342.5,10.0,5485.0,342.55,4.0,605.0,683097.0,342.07
10645.45,36201.69,0,8792999.0,12:34:00,342.25,2.0,29.0,342.2,1.0,21.0,342.15,2.0,672.0,342.1,5.0,321.0,342.05,2.0,426.0,705222.0,342.35,5.0,781.0,342.4,5.0,124.0,342.45,1.0,228.0,342.5,10.0,5485.0,342.55,4.0,605.0,683097.0,342.07
10644.35,36200.76,0,8793376.0,12:34:02,342.2,1.0,21.0,342.15,1.0,394.0,342.1,3.0,108.0,342.05,2.0,201.0,342.0,13.0,2288.0,704447.0,342.25,1.0,3.0,342.3,5.0,521.0,342.35,4.0,920.0,342.4,5.0,288.0,342.45,5.0,1203.0,683654.0,342.07
10644.05,36200.11,0,8793379.0,12:34:04,342.2,1.0,21.0,342.15,1.0,394.0,342.1,3.0,108.0,342.05,2.0,201.0,342.0,13.0,2288.0,701031.0,342.25,2.0,436.0,342.3,5.0,258.0,342.35,3.0,884.0,342.4,4.0,287.0,342.45,6.0,1423.0,683827.0,342.07
10644.05,36200.11,0,8793379.0,12:34:04,342.2,1.0,21.0,342.15,1.0,394.0,342.1,3.0,108.0,342.05,2.0,201.0,342.0,13.0,2288.0,701056.0,342.25,2.0,436.0,342.3,5.0,258.0,342.35,3.0,884.0,342.4,4.0,287.0,342.45,6.0,1423.0,683827.0,342.07
10644.05,36199.78,0,8793379.0,12:34:04,342.2,1.0,21.0,342.15,1.0,394.0,342.1,3.0,108.0,342.05,3.0,424.0,342.0,13.0,2288.0,701299.0,342.25,2.0,436.0,342.3,4.0,257.0,342.35,5.0,985.0,342.4,4.0,287.0,342.45,6.0,1423.0,683927.0,342.07
10644.40,36198.43,0,8796460.0,12:34:07,342.3,1.0,311.0,342.25,1.0,100.0,342.2,4.0,371.0,342.15,6.0,874.0,342.1,6.0,728.0,703929.0,342.35,2.0,600.0,342.4,3.0,82.0,342.45,2.0,230.0,342.5,6.0,4705.0,342.55,1.0,5.0,678613.0,342.07
10644.00,36197.94,0,8796460.0,12:34:07,342.3,1.0,311.0,342.25,2.0,131.0,342.2,3.0,339.0,342.15,5.0,843.0,342.1,6.0,728.0,703407.0,342.35,2.0,600.0,342.4,2.0,81.0,342.45,3.0,231.0,342.5,8.0,5105.0,342.55,1.0,5.0,679397.0,342.07
10644.00,36198.83,0,8796460.0,12:34:07,342.3,1.0,311.0,342.25,3.0,146.0,342.2,3.0,339.0,342.15,5.0,843.0,342.1,6.0,728.0,705457.0,342.35,2.0,600.0,342.4,2.0,81.0,342.45,3.0,231.0,342.5,8.0,5105.0,342.55,1.0,5.0,679993.0,342.07
10644.00,36198.83,0,8801941.0,12:34:11,342.4,4.0,293.0,342.35,3.0,187.0,342.3,4.0,306.0,342.25,6.0,1977.0,342.2,6.0,1037.0,707099.0,342.5,4.0,563.0,342.55,1.0,5.0,342.6,2.0,213.0,342.65,1.0,2.0,342.7,1.0,50.0,676175.0,342.07
10644.80,36199.14,0,8801941.0,12:34:11,342.4,4.0,293.0,342.35,5.0,396.0,342.3,4.0,306.0,342.25,5.0,1976.0,342.2,6.0,1037.0,707307.0,342.5,4.0,563.0,342.55,1.0,5.0,342.6,2.0,213.0,342.65,1.0,2.0,342.7,1.0,50.0,676175.0,342.07
10646.80,36204.64,0,8801941.0,12:34:11,342.4,5.0,403.0,342.35,6.0,1696.0,342.3,3.0,235.0,342.25,4.0,643.0,342.2,6.0,1037.0,708696.0,342.5,4.0,563.0,342.55,1.0,5.0,342.6,2.0,213.0,342.65,1.0,2.0,342.7,3.0,255.0,676289.0,342.07
10647.25,36206.72,0,8802722.0,12:34:14,342.55,2.0,180.0,342.5,4.0,256.0,342.45,2.0,220.0,342.4,3.0,281.0,342.35,3.0,1560.0,708354.0,342.7,2.0,55.0,342.75,2.0,585.0,342.8,1.0,125.0,342.85,2.0,411.0,342.9,9.0,3780.0,675451.0,342.07
10647.25,36209.02,0,8802741.0,12:34:15,342.55,2.0,161.0,342.5,5.0,264.0,342.45,2.0,220.0,342.4,2.0,181.0,342.35,5.0,1860.0,708368.0,342.7,3.0,155.0,342.75,2.0,585.0,342.8,1.0,125.0,342.85,2.0,411.0,342.9,9.0,3780.0,675551.0,342.07
10647.60,36209.86,0,8802791.0,12:34:16,342.55,1.0,111.0,342.5,3.0,11.0,342.45,3.0,256.0,342.4,2.0,181.0,342.35,4.0,560.0,706801.0,342.7,3.0,155.0,342.75,2.0,585.0,342.8,1.0,125.0,342.85,2.0,411.0,342.9,9.0,3780.0,675551.0,342.07
10647.90,36209.13,0,8802791.0,12:34:16,342.5,1.0,8.0,342.45,1.0,36.0,342.4,4.0,114.0,342.35,1.0,220.0,342.3,5.0,1331.0,706875.0,342.65,4.0,494.0,342.7,5.0,590.0,342.8,6.0,1300.0,342.85,4.0,518.0,342.9,7.0,3550.0,676916.0,342.07
10647.65,36206.55,0,8802791.0,12:34:16,342.5,1.0,8.0,342.45,1.0,36.0,342.4,4.0,114.0,342.35,1.0,220.0,342.3,5.0,1331.0,707258.0,342.65,5.0,594.0,342.7,5.0,590.0,342.8,7.0,1336.0,342.85,3.0,482.0,342.9,7.0,3550.0,677016.0,342.07
10647.95,36208.39,0,8802791.0,12:34:16,342.5,1.0,8.0,342.45,2.0,37.0,342.4,3.0,113.0,342.35,1.0,220.0,342.3,6.0,2795.0,709482.0,342.65,4.0,494.0,342.7,5.0,590.0,342.8,7.0,1336.0,342.85,3.0,482.0,342.9,7.0,3550.0,676916.0,342.07
10647.95,36208.94,0,8803046.0,12:34:21,342.6,1.0,2.0,342.45,2.0,151.0,342.4,4.0,63.0,342.35,2.0,201.0,342.3,7.0,2895.0,708382.0,342.65,3.0,454.0,342.7,6.0,444.0,342.75,1.0,5.0,342.8,6.0,1300.0,342.85,3.0,482.0,676749.0,342.07
10647.65,36208.89,0,8803048.0,12:34:23,342.4,8.0,421.0,342.35,2.0,339.0,342.3,6.0,2795.0,342.25,3.0,468.0,342.2,5.0,857.0,708726.0,342.6,5.0,801.0,342.65,2.0,453.0,342.7,6.0,678.0,342.75,4.0,636.0,342.8,1.0,125.0,676541.0,342.07
10648.60,36209.03,0,8803048.0,12:34:23,342.4,8.0,421.0,342.35,2.0,339.0,342.3,6.0,2795.0,342.25,3.0,468.0,342.2,5.0,857.0,708726.0,342.6,5.0,801.0,342.65,2.0,453.0,342.7,6.0,678.0,342.75,4.0,636.0,342.8,1.0,125.0,676541.0,342.07
10649.55,36210.29,0,8803082.0,12:34:25,342.45,4.0,487.0,342.4,5.0,64.0,342.35,3.0,410.0,342.3,6.0,2795.0,342.25,7.0,1108.0,708927.0,342.6,5.0,771.0,342.65,2.0,453.0,342.7,6.0,678.0,342.75,4.0,636.0,342.8,1.0,125.0,676611.0,342.07
10649.55,36210.29,0,8803282.0,12:34:26,342.45,3.0,287.0,342.4,5.0,64.0,342.35,3.0,410.0,342.3,6.0,2795.0,342.25,7.0,1108.0,708727.0,342.6,4.0,601.0,342.65,3.0,623.0,342.7,6.0,678.0,342.75,3.0,416.0,342.8,1.0,125.0,676391.0,342.07
10651.55,36212.54,0,8803381.0,12:34:28,342.6,3.0,203.0,342.55,1.0,36.0,342.5,5.0,354.0,342.45,5.0,424.0,342.4,2.0,60.0,709030.0,342.7,1.0,40.0,342.8,3.0,8.0,342.85,1.0,401.0,342.9,9.0,3616.0,342.95,16.0,5282.0,674653.0,342.07
10651.35,36211.86,0,8803381.0,12:34:28,342.6,3.0,203.0,342.55,1.0,36.0,342.5,5.0,354.0,342.45,5.0,424.0,342.4,2.0,60.0,709030.0,342.7,1.0,40.0,342.8,3.0,8.0,342.85,1.0,401.0,342.9,9.0,3616.0,342.95,16.0,5282.0,674653.0,342.07
10651.80,36211.81,0,8803387.0,12:34:29,342.6,1.0,39.0,342.55,1.0,36.0,342.5,5.0,155.0,342.45,3.0,284.0,342.4,2.0,155.0,709341.0,342.7,2.0,40.0,342.75,2.0,201.0,342.8,5.0,792.0,342.85,4.0,743.0,342.9,6.0,3355.0,674859.0,342.07
10651.80,36211.81,0,8803387.0,12:34:29,342.6,1.0,39.0,342.55,1.0,36.0,342.5,5.0,155.0,342.45,3.0,284.0,342.4,2.0,155.0,709341.0,342.7,2.0,40.0,342.75,2.0,201.0,342.8,5.0,792.0,342.85,4.0,743.0,342.9,6.0,3355.0,674859.0,342.07
10651.70,36215.75,0,8803433.0,12:34:31,342.6,2.0,41.0,342.5,5.0,155.0,342.45,2.0,213.0,342.4,2.0,91.0,342.35,8.0,1190.0,709201.0,342.7,3.0,140.0,342.75,2.0,201.0,342.8,5.0,792.0,342.85,5.0,779.0,342.9,6.0,3355.0,674696.0,342.07
10651.70,36215.75,0,8803433.0,12:34:31,342.6,2.0,41.0,342.5,5.0,155.0,342.45,2.0,213.0,342.4,2.0,91.0,342.35,8.0,1190.0,709201.0,342.7,3.0,140.0,342.75,2.0,201.0,342.8,5.0,792.0,342.85,5.0,779.0,342.9,6.0,3355.0,674696.0,342.07
10651.15,36220.13,0,8803433.0,12:34:31,342.6,2.0,41.0,342.5,5.0,155.0,342.45,2.0,213.0,342.4,2.0,91.0,342.35,8.0,1190.0,709201.0,342.7,3.0,140.0,342.75,2.0,201.0,342.8,5.0,792.0,342.85,5.0,779.0,342.9,6.0,3355.0,674696.0,342.07
10651.15,36220.34,0,8803433.0,12:34:31,342.6,2.0,41.0,342.5,5.0,155.0,342.45,2.0,213.0,342.4,2.0,91.0,342.35,8.0,1190.0,709201.0,342.7,3.0,140.0,342.75,2.0,201.0,342.8,5.0,792.0,342.85,5.0,779.0,342.9,6.0,3355.0,674696.0,342.07
10651.15,36220.34,0,8803433.0,12:34:31,342.6,2.0,41.0,342.5,5.0,155.0,342.45,2.0,213.0,342.4,2.0,91.0,342.35,8.0,1190.0,709201.0,342.7,3.0,140.0,342.75,2.0,201.0,342.8,5.0,792.0,342.85,5.0,779.0,342.9,6.0,3355.0,674696.0,342.07
10651.15,36220.34,0,8803433.0,12:34:31,342.6,2.0,41.0,342.5,5.0,155.0,342.45,2.0,213.0,342.4,2.0,91.0,342.35,8.0,1190.0,709201.0,342.7,3.0,140.0,342.75,2.0,201.0,342.8,5.0,792.0,342.85,5.0,779.0,342.9,6.0,3355.0,674696.0,342.07
10652.40,36222.13,0,8803848.0,12:34:38,342.6,1.0,21.0,342.55,1.0,36.0,342.5,6.0,608.0,342.45,6.0,570.0,342.4,3.0,2055.0,711352.0,342.65,1.0,200.0,342.7,3.0,136.0,342.75,2.0,202.0,342.8,5.0,990.0,342.85,3.0,307.0,673937.0,342.07
10653.30,36223.43,0,8803848.0,12:34:38,342.6,1.0,21.0,342.55,1.0,36.0,342.5,6.0,608.0,342.45,6.0,570.0,342.4,3.0,2055.0,711352.0,342.65,1.0,200.0,342.7,3.0,136.0,342.75,2.0,202.0,342.8,5.0,990.0,342.85,3.0,307.0,673937.0,342.07
10654.25,36225.54,0,8804673.0,12:34:41,342.6,1.0,16.0,342.55,1.0,250.0,342.5,4.0,336.0,342.45,6.0,769.0,342.4,5.0,2226.0,709606.0,342.75,2.0,366.0,342.8,5.0,339.0,342.85,1.0,1.0,342.9,5.0,2980.0,342.95,14.0,4417.0,674161.0,342.07
10653.65,36225.06,0,8804673.0,12:34:41,342.6,1.0,16.0,342.5,5.0,506.0,342.45,5.0,733.0,342.4,4.0,2155.0,342.35,2.0,170.0,709004.0,342.75,4.0,542.0,342.8,5.0,339.0,342.85,3.0,401.0,342.9,8.0,3755.0,342.95,13.0,4237.0,674494.0,342.07
10653.25,36228.80,0,8804673.0,12:34:41,342.6,1.0,16.0,342.5,5.0,506.0,342.45,5.0,733.0,342.4,3.0,2055.0,342.35,2.0,230.0,708822.0,342.7,3.0,276.0,342.75,3.0,506.0,342.8,5.0,339.0,342.85,3.0,401.0,342.9,8.0,3600.0,674936.0,342.07
10654.00,36228.70,0,8804673.0,12:34:41,342.6,1.0,16.0,342.5,5.0,506.0,342.45,5.0,733.0,342.4,3.0,2055.0,342.35,2.0,230.0,708822.0,342.7,3.0,276.0,342.75,3.0,506.0,342.8,5.0,339.0,342.85,3.0,401.0,342.9,8.0,3600.0,674936.0,342.07
10652.25,36228.69,0,8805542.0,12:34:45,342.6,1.0,16.0,342.5,6.0,507.0,342.45,5.0,733.0,342.4,3.0,2055.0,342.35,5.0,1774.0,708884.0,342.7,2.0,146.0,342.75,2.0,328.0,342.8,6.0,839.0,342.85,6.0,1176.0,342.9,6.0,3200.0,677551.0,342.07
10652.70,36232.39,0,8805882.0,12:34:47,342.55,2.0,6.0,342.5,6.0,706.0,342.45,6.0,2404.0,342.4,3.0,1588.0,342.35,4.0,2250.0,710788.0,342.7,2.0,268.0,342.75,1.0,110.0,342.8,6.0,839.0,342.85,3.0,401.0,342.9,7.0,3380.0,675955.0,342.07
10652.30,36230.36,0,8805882.0,12:34:47,342.55,2.0,6.0,342.5,6.0,706.0,342.45,6.0,2404.0,342.4,3.0,1588.0,342.35,4.0,2250.0,710788.0,342.7,2.0,268.0,342.75,1.0,110.0,342.8,6.0,839.0,342.85,3.0,401.0,342.9,7.0,3380.0,675955.0,342.07
10652.05,36235.73,0,8805982.0,12:34:49,342.6,2.0,26.0,342.55,2.0,111.0,342.5,7.0,742.0,342.45,6.0,2369.0,342.4,3.0,1588.0,711425.0,342.7,1.0,218.0,342.8,5.0,803.0,342.85,3.0,401.0,342.9,9.0,3636.0,342.95,14.0,4492.0,675411.0,342.07
10653.00,36233.98,0,8805982.0,12:34:49,342.6,2.0,26.0,342.55,2.0,111.0,342.5,7.0,742.0,342.45,6.0,2369.0,342.4,3.0,1588.0,711295.0,342.7,1.0,218.0,342.8,5.0,803.0,342.85,3.0,401.0,342.9,9.0,3636.0,342.95,14.0,4492.0,675411.0,342.07
10654.20,36232.56,0,8805982.0,12:34:49,342.6,2.0,26.0,342.55,2.0,111.0,342.5,8.0,792.0,342.45,6.0,2369.0,342.4,3.0,1588.0,711545.0,342.7,1.0,218.0,342.8,5.0,803.0,342.85,3.0,401.0,342.9,9.0,3636.0,342.95,14.0,4492.0,675411.0,342.07
10654.60,36234.45,0,8805982.0,12:34:49,342.6,3.0,136.0,342.55,3.0,147.0,342.5,7.0,756.0,342.45,6.0,2369.0,342.4,4.0,1688.0,711655.0,342.7,1.0,218.0,342.8,5.0,803.0,342.85,3.0,401.0,342.9,8.0,3600.0,342.95,14.0,4492.0,675375.0,342.07
10654.60,36234.45,0,8806008.0,12:34:54,342.6,2.0,111.0,342.55,3.0,147.0,342.5,7.0,756.0,342.45,6.0,2369.0,342.4,4.0,1688.0,711470.0,342.7,1.0,217.0,342.8,5.0,803.0,342.85,3.0,401.0,342.9,8.0,3600.0,342.95,14.0,4492.0,676374.0,342.07
10654.60,36234.45,0,8806008.0,12:34:54,342.6,2.0,111.0,342.55,3.0,147.0,342.5,7.0,756.0,342.45,6.0,2369.0,342.4,4.0,1688.0,711470.0,342.7,1.0,217.0,342.8,5.0,803.0,342.85,3.0,401.0,342.9,8.0,3600.0,342.95,14.0,4492.0,676374.0,342.07
10654.60,36234.45,0,8806008.0,12:34:54,342.6,2.0,111.0,342.55,3.0,147.0,342.5,7.0,756.0,342.45,6.0,2369.0,342.4,4.0,1688.0,711470.0,342.7,1.0,217.0,342.8,5.0,803.0,342.85,3.0,401.0,342.9,8.0,3600.0,342.95,14.0,4492.0,676374.0,342.07
10654.30,36232.98,0,8806478.0,12:34:55,342.55,1.0,5.0,342.5,6.0,405.0,342.45,6.0,797.0,342.4,2.0,1855.0,342.35,5.0,3653.0,712499.0,342.6,1.0,30.0,342.7,1.0,217.0,342.75,3.0,401.0,342.8,8.0,1797.0,342.85,2.0,6.0,676763.0,342.07
10653.80,36232.45,0,8808729.0,12:34:59,342.4,2.0,151.0,342.35,4.0,118.0,342.3,4.0,2573.0,342.25,4.0,709.0,342.2,4.0,359.0,707628.0,342.55,1.0,36.0,342.6,2.0,578.0,342.65,2.0,3.0,342.7,4.0,811.0,342.75,3.0,620.0,677681.0,342.07
10653.80,36232.45,0,8808888.0,12:35:00,342.4,3.0,242.0,342.35,4.0,118.0,342.3,4.0,2573.0,342.25,6.0,845.0,342.2,4.0,479.0,709254.0,342.6,1.0,224.0,342.65,2.0,3.0,342.7,5.0,917.0,342.75,3.0,620.0,342.8,6.0,1317.0,677422.0,342.07
10653.70,36232.29,0,8808888.0,12:35:00,342.45,1.0,16.0,342.4,5.0,469.0,342.35,4.0,334.0,342.3,4.0,2573.0,342.25,6.0,845.0,709682.0,342.6,2.0,228.0,342.65,4.0,44.0,342.7,4.0,881.0,342.75,4.0,1620.0,342.8,5.0,1106.0,678637.0,342.07
10653.70,36231.94,0,8808901.0,12:35:03,342.45,1.0,3.0,342.4,2.0,23.0,342.35,3.0,113.0,342.3,4.0,2573.0,342.25,4.0,709.0,709114.0,342.6,5.0,696.0,342.65,4.0,33.0,342.7,4.0,538.0,342.75,9.0,2602.0,342.8,5.0,1106.0,681701.0,342.07
10651.20,36228.52,0,8809226.0,12:35:05,342.4,1.0,22.0,342.35,1.0,1.0,342.3,5.0,1692.0,342.25,4.0,709.0,342.2,1.0,100.0,707678.0,342.5,5.0,610.0,342.55,2.0,112.0,342.6,6.0,829.0,342.65,6.0,1106.0,342.7,3.0,488.0,684967.0,342.07
10650.65,36228.07,0,8809226.0,12:35:05,342.4,1.0,22.0,342.35,1.0,1.0,342.3,5.0,1692.0,342.25,4.0,709.0,342.2,1.0,100.0,707678.0,342.5,5.0,610.0,342.55,2.0,112.0,342.6,6.0,829.0,342.65,6.0,1106.0,342.7,3.0,488.0,684967.0,342.07
10649.85,36227.61,0,8809271.0,12:35:05,342.35,1.0,1.0,342.3,5.0,1692.0,342.25,4.0,709.0,342.15,3.0,706.0,342.1,4.0,313.0,708799.0,342.5,5.0,597.0,342.55,2.0,112.0,342.6,4.0,625.0,342.65,3.0,405.0,342.7,8.0,1276.0,683273.0,342.07
10649.75,36227.56,0,8810221.0,12:35:07,342.3,5.0,1691.0,342.25,3.0,498.0,342.2,1.0,2.0,342.15,2.0,465.0,342.1,4.0,250.0,709214.0,342.45,2.0,233.0,342.5,2.0,588.0,342.55,3.0,137.0,342.6,4.0,601.0,342.65,3.0,580.0,682308.0,342.07
10650.50,36226.18,0,8810221.0,12:35:07,342.3,5.0,1691.0,342.25,3.0,498.0,342.2,1.0,2.0,342.15,2.0,465.0,342.1,4.0,250.0,709214.0,342.45,2.0,233.0,342.5,2.0,588.0,342.55,3.0,137.0,342.6,4.0,601.0,342.65,4.0,585.0,682694.0,342.07
10649.85,36226.26,0,8810301.0,12:35:10,342.3,5.0,1691.0,342.25,3.0,498.0,342.2,1.0,2.0,342.15,2.0,465.0,342.1,4.0,250.0,709214.0,342.45,3.0,263.0,342.5,3.0,788.0,342.55,4.0,337.0,342.6,7.0,1302.0,342.65,2.0,10.0,683904.0,342.07
10650.25,36225.54,0,8810301.0,12:35:10,342.3,5.0,1761.0,342.25,4.0,499.0,342.2,1.0,2.0,342.15,1.0,394.0,342.1,4.0,250.0,709506.0,342.45,2.0,227.0,342.5,6.0,1189.0,342.55,7.0,968.0,342.6,2.0,306.0,342.65,2.0,10.0,683697.0,342.07
10651.30,36225.37,0,8810301.0,12:35:10,342.3,4.0,1690.0,342.25,4.0,499.0,342.2,2.0,73.0,342.15,1.0,394.0,342.1,4.0,250.0,709511.0,342.45,2.0,227.0,342.5,6.0,1189.0,342.55,7.0,968.0,342.6,2.0,306.0,342.65,2.0,10.0,684197.0,342.07
10652.05,36225.62,0,8810301.0,12:35:10,342.3,4.0,1690.0,342.25,4.0,499.0,342.2,2.0,73.0,342.15,2.0,430.0,342.1,4.0,250.0,709547.0,342.45,1.0,117.0,342.5,5.0,1188.0,342.55,7.0,594.0,342.6,3.0,681.0,342.65,2.0,10.0,683587.0,342.07
10651.60,36223.38,0,8810324.0,12:35:15,342.3,4.0,1667.0,342.25,4.0,499.0,342.2,1.0,2.0,342.15,3.0,501.0,342.1,4.0,250.0,710128.0,342.45,1.0,117.0,342.5,4.0,1184.0,342.55,7.0,594.0,342.6,3.0,681.0,342.65,2.0,10.0,684383.0,342.07
10650.65,36227.10,0,8810324.0,12:35:15,342.3,4.0,1667.0,342.25,4.0,499.0,342.2,1.0,2.0,342.15,2.0,465.0,342.1,4.0,250.0,709921.0,342.45,3.0,263.0,342.5,4.0,1184.0,342.55,6.0,558.0,342.6,3.0,681.0,342.65,2.0,10.0,684493.0,342.07
10650.85,36225.72,0,8810324.0,12:35:15,342.3,4.0,1667.0,342.25,4.0,499.0,342.2,1.0,2.0,342.15,2.0,465.0,342.1,4.0,250.0,709921.0,342.45,3.0,263.0,342.5,4.0,1184.0,342.55,6.0,558.0,342.6,4.0,931.0,342.65,2.0,10.0,684926.0,342.07
10650.95,36226.06,0,8810324.0,12:35:15,342.35,3.0,7.0,342.3,4.0,1668.0,342.25,3.0,498.0,342.2,2.0,282.0,342.15,1.0,394.0,710139.0,342.45,1.0,117.0,342.55,2.0,112.0,342.6,3.0,287.0,342.65,5.0,610.0,342.7,7.0,1314.0,684566.0,342.07
10650.95,36227.04,0,8810424.0,12:35:19,342.35,4.0,117.0,342.3,4.0,1668.0,342.25,5.0,570.0,342.2,4.0,576.0,342.15,3.0,597.0,710115.0,342.45,1.0,17.0,342.55,1.0,110.0,342.6,2.0,251.0,342.65,5.0,607.0,342.7,4.0,328.0,684539.0,342.07
10650.35,36222.78,0,8810424.0,12:35:19,342.35,4.0,117.0,342.3,4.0,1668.0,342.25,5.0,570.0,342.2,4.0,576.0,342.15,3.0,597.0,710115.0,342.45,1.0,17.0,342.55,1.0,110.0,342.6,2.0,251.0,342.65,5.0,607.0,342.7,4.0,328.0,684539.0,342.07
10649.95,36219.14,0,8810924.0,12:35:21,342.4,1.0,5.0,342.35,3.0,127.0,342.3,5.0,1421.0,342.25,4.0,534.0,342.2,3.0,505.0,709776.0,342.45,1.0,17.0,342.55,1.0,106.0,342.6,2.0,251.0,342.65,3.0,8.0,342.7,4.0,422.0,684546.0,342.07
10650.10,36221.53,0,8811144.0,12:35:23,342.35,2.0,21.0,342.3,5.0,1421.0,342.25,4.0,534.0,342.2,2.0,405.0,342.15,1.0,394.0,709655.0,342.45,1.0,328.0,342.55,2.0,107.0,342.6,1.0,250.0,342.65,7.0,449.0,342.7,6.0,842.0,684532.0,342.07
10650.15,36220.50,0,8811294.0,12:35:25,342.35,2.0,21.0,342.3,5.0,1421.0,342.25,4.0,534.0,342.2,2.0,405.0,342.15,2.0,494.0,709640.0,342.45,2.0,229.0,342.55,2.0,107.0,342.6,1.0,250.0,342.65,5.0,49.0,342.7,4.0,422.0,685533.0,342.07
10650.70,36221.08,0,8811323.0,12:35:26,342.35,1.0,5.0,342.3,5.0,1421.0,342.25,4.0,534.0,342.2,2.0,405.0,342.15,1.0,394.0,709724.0,342.45,3.0,210.0,342.55,2.0,107.0,342.6,1.0,250.0,342.65,5.0,49.0,342.7,4.0,422.0,685514.0,342.07
10650.55,36222.77,0,8811323.0,12:35:26,342.35,1.0,5.0,342.3,5.0,1421.0,342.25,4.0,534.0,342.2,2.0,405.0,342.15,1.0,394.0,709785.0,342.45,4.0,538.0,342.55,3.0,108.0,342.6,1.0,250.0,342.65,4.0,48.0,342.7,4.0,422.0,685892.0,342.07
10650.70,36222.69,0,8811328.0,12:35:29,342.3,3.0,1383.0,342.25,4.0,500.0,342.2,1.0,211.0,342.15,1.0,394.0,342.1,2.0,110.0,709519.0,342.35,1.0,142.0,342.45,4.0,538.0,342.5,2.0,6.0,342.55,4.0,145.0,342.6,1.0,250.0,686245.0,342.07
10650.95,36223.24,0,8811328.0,12:35:29,342.3,3.0,1383.0,342.25,4.0,500.0,342.2,1.0,211.0,342.15,1.0,394.0,342.1,2.0,110.0,709519.0,342.35,1.0,142.0,342.45,4.0,538.0,342.5,2.0,6.0,342.55,4.0,145.0,342.6,1.0,250.0,686245.0,342.07
10650.95,36223.24,0,8811353.0,12:35:30,342.3,3.0,1364.0,342.25,4.0,500.0,342.2,1.0,211.0,342.15,1.0,394.0,342.1,2.0,110.0,709500.0,342.35,1.0,136.0,342.45,4.0,538.0,342.5,2.0,6.0,342.55,4.0,145.0,342.6,2.0,450.0,686239.0,342.07
10650.85,36223.44,0,8812928.0,12:35:31,342.25,3.0,498.0,342.2,2.0,38.0,342.15,1.0,394.0,342.1,2.0,110.0,342.05,7.0,1133.0,707873.0,342.3,1.0,147.0,342.45,7.0,542.0,342.5,1.0,5.0,342.55,2.0,131.0,342.6,2.0,450.0,686239.0,342.07
10650.90,36224.07,0,8812928.0,12:35:31,342.25,3.0,498.0,342.2,2.0,38.0,342.15,1.0,394.0,342.1,2.0,110.0,342.05,7.0,1133.0,708873.0,342.3,1.0,147.0,342.45,7.0,542.0,342.5,1.0,5.0,342.55,1.0,106.0,342.6,2.0,450.0,686239.0,342.07
10650.20,36225.43,0,8813279.0,12:35:33,342.25,2.0,187.0,342.2,1.0,2.0,342.15,3.0,466.0,342.1,3.0,210.0,342.05,5.0,814.0,708379.0,342.45,7.0,473.0,342.5,2.0,37.0,342.55,1.0,106.0,342.6,3.0,650.0,342.65,5.0,1000.0,686060.0,342.07
10649.90,36223.07,0,8813281.0,12:35:35,342.25,2.0,187.0,342.15,4.0,468.0,342.1,2.0,110.0,342.05,6.0,1083.0,342.0,20.0,4234.0,708778.0,342.3,1.0,79.0,342.4,3.0,330.0,342.45,5.0,470.0,342.5,1.0,36.0,342.55,1.0,106.0,686565.0,342.07
10650.05,36223.51,0,8813281.0,12:35:35,342.25,2.0,187.0,342.15,4.0,468.0,342.1,2.0,110.0,342.05,6.0,1083.0,342.0,20.0,4234.0,708778.0,342.3,1.0,79.0,342.4,3.0,330.0,342.45,5.0,470.0,342.5,1.0,36.0,342.55,1.0,106.0,686590.0,342.07
10650.10,36223.55,0,8813281.0,12:35:35,342.25,2.0,187.0,342.15,4.0,468.0,342.1,2.0,110.0,342.05,5.0,983.0,342.0,20.0,4294.0,708778.0,342.3,2.0,407.0,342.4,2.0,2.0,342.45,5.0,470.0,342.5,1.0,36.0,342.55,1.0,106.0,686590.0,342.07
10650.30,36224.94,0,8813306.0,12:35:39,342.25,2.0,187.0,342.15,4.0,468.0,342.1,2.0,110.0,342.05,5.0,983.0,342.0,21.0,4334.0,708778.0,342.3,2.0,382.0,342.4,2.0,2.0,342.45,5.0,470.0,342.5,1.0,36.0,342.55,1.0,106.0,686565.0,342.07
10649.90,36225.25,0,8813306.0,12:35:39,342.25,2.0,187.0,342.15,4.0,468.0,342.1,2.0,110.0,342.05,5.0,983.0,342.0,21.0,4334.0,708778.0,342.3,2.0,382.0,342.4,2.0,2.0,342.45,4.0,202.0,342.5,1.0,36.0,342.55,1.0,106.0,686297.0,342.07
10649.90,36218.82,0,8813306.0,12:35:39,342.25,2.0,187.0,342.15,4.0,468.0,342.1,2.0,110.0,342.05,5.0,983.0,342.0,21.0,4334.0,708778.0,342.3,2.0,382.0,342.4,2.0,2.0,342.45,4.0,202.0,342.5,1.0,36.0,342.55,1.0,106.0,686297.0,342.07
10650.00,36218.26,0,8813463.0,12:35:41,342.25,2.0,187.0,342.15,4.0,468.0,342.1,2.0,110.0,342.05,5.0,983.0,342.0,20.0,4294.0,708783.0,342.3,1.0,225.0,342.4,2.0,2.0,342.45,5.0,705.0,342.5,1.0,36.0,342.55,1.0,106.0,686643.0,342.07
10650.35,36217.95,0,8813463.0,12:35:41,342.25,2.0,187.0,342.2,1.0,36.0,342.15,3.0,432.0,342.1,2.0,110.0,342.05,5.0,983.0,708783.0,342.3,1.0,225.0,342.4,3.0,7.0,342.45,5.0,705.0,342.55,1.0,106.0,342.6,3.0,650.0,686707.0,342.07
10649.90,36213.71,0,8813672.0,12:35:45,342.25,2.0,78.0,342.15,3.0,432.0,342.1,2.0,110.0,342.05,6.0,1019.0,342.0,21.0,4334.0,708574.0,342.3,1.0,125.0,342.4,2.0,2.0,342.45,5.0,705.0,342.5,1.0,5.0,342.55,2.0,142.0,686643.0,342.07
10650.05,36213.63,0,8813672.0,12:35:45,342.25,2.0,78.0,342.15,3.0,432.0,342.1,2.0,110.0,342.05,6.0,1019.0,342.0,21.0,4334.0,708574.0,342.3,1.0,125.0,342.4,2.0,2.0,342.45,5.0,705.0,342.5,1.0,5.0,342.55,2.0,142.0,686643.0,342.07
10649.15,36213.61,0,8813672.0,12:35:45,342.25,2.0,78.0,342.15,3.0,432.0,342.1,2.0,110.0,342.05,6.0,1019.0,342.0,21.0,4334.0,708574.0,342.3,1.0,125.0,342.4,2.0,2.0,342.45,5.0,705.0,342.5,1.0,5.0,342.55,2.0,142.0,686743.0,342.07
10649.30,36213.25,0,8813792.0,12:35:49,342.25,2.0,68.0,342.15,3.0,432.0,342.1,2.0,110.0,342.05,7.0,1119.0,342.0,20.0,4234.0,708564.0,342.3,1.0,15.0,342.4,2.0,2.0,342.45,6.0,741.0,342.5,1.0,5.0,342.55,1.0,106.0,686633.0,342.07
10649.55,36212.41,0,8813792.0,12:35:49,342.25,2.0,68.0,342.15,3.0,432.0,342.1,2.0,110.0,342.05,7.0,1119.0,342.0,20.0,4234.0,708564.0,342.3,1.0,15.0,342.4,2.0,2.0,342.45,6.0,741.0,342.5,1.0,5.0,342.55,1.0,106.0,686633.0,342.07
10649.80,36214.67,0,8814042.0,12:35:50,342.25,2.0,768.0,342.15,3.0,432.0,342.1,2.0,110.0,342.05,4.0,656.0,342.0,21.0,4277.0,708502.0,342.3,1.0,278.0,342.4,2.0,107.0,342.45,6.0,706.0,342.5,1.0,36.0,342.55,2.0,205.0,686896.0,342.07
10649.95,36214.55,0,8814042.0,12:35:50,342.25,2.0,768.0,342.15,3.0,432.0,342.1,2.0,110.0,342.05,4.0,656.0,342.0,21.0,4277.0,708502.0,342.3,1.0,278.0,342.4,3.0,143.0,342.45,6.0,706.0,342.55,2.0,205.0,342.6,7.0,1525.0,686896.0,342.07
10649.95,36216.02,0,8814042.0,12:35:50,342.25,2.0,768.0,342.15,3.0,432.0,342.1,2.0,110.0,342.05,4.0,656.0,342.0,21.0,4277.0,708502.0,342.3,1.0,278.0,342.4,3.0,143.0,342.45,6.0,706.0,342.55,2.0,205.0,342.6,7.0,1525.0,686896.0,342.07
10649.55,36214.96,0,8814052.0,12:35:53,342.25,2.0,768.0,342.15,3.0,432.0,342.1,2.0,110.0,342.05,4.0,656.0,342.0,21.0,4277.0,708502.0,342.3,1.0,268.0,342.35,1.0,503.0,342.4,3.0,143.0,342.45,5.0,203.0,342.55,2.0,205.0,686906.0,342.07
10650.50,36216.60,0,8814052.0,12:35:53,342.25,2.0,768.0,342.2,3.0,737.0,342.15,3.0,432.0,342.1,2.0,110.0,342.05,5.0,983.0,709314.0,342.3,1.0,268.0,342.35,1.0,503.0,342.4,2.0,107.0,342.45,5.0,203.0,342.55,1.0,5.0,686870.0,342.07
10650.60,36218.60,0,8815442.0,12:35:57,342.25,2.0,227.0,342.2,3.0,223.0,342.15,2.0,396.0,342.1,2.0,110.0,342.05,5.0,983.0,708223.0,342.3,1.0,268.0,342.35,2.0,504.0,342.4,1.0,106.0,342.45,4.0,112.0,342.55,1.0,5.0,686779.0,342.07
10650.35,36219.45,0,8815442.0,12:35:57,342.25,2.0,227.0,342.2,3.0,223.0,342.15,2.0,396.0,342.1,2.0,110.0,342.05,5.0,983.0,709080.0,342.3,1.0,268.0,342.35,2.0,504.0,342.4,1.0,106.0,342.45,4.0,112.0,342.55,1.0,5.0,686779.0,342.07
10650.30,36220.22,0,8815592.0,12:35:57,342.25,2.0,227.0,342.2,3.0,223.0,342.15,2.0,396.0,342.1,2.0,110.0,342.05,5.0,983.0,709080.0,342.3,1.0,118.0,342.35,1.0,503.0,342.4,2.0,107.0,342.45,4.0,112.0,342.55,1.0,5.0,686629.0,342.07
10650.45,36220.15,0,8815592.0,12:35:57,342.25,2.0,310.0,342.2,4.0,427.0,342.15,2.0,396.0,342.1,2.0,110.0,342.05,5.0,983.0,709267.0,342.3,1.0,118.0,342.35,1.0,503.0,342.4,2.0,107.0,342.45,4.0,112.0,342.55,1.0,5.0,686629.0,342.07
10652.10,36224.31,0,8815611.0,12:36:00,342.25,4.0,577.0,342.2,3.0,391.0,342.15,2.0,396.0,342.1,2.0,110.0,342.05,5.0,983.0,709498.0,342.3,1.0,118.0,342.35,1.0,503.0,342.4,2.0,213.0,342.45,4.0,112.0,342.55,1.0,5.0,686750.0,342.07
10652.10,36223.98,0,8815805.0,12:36:01,342.25,3.0,312.0,342.2,1.0,36.0,342.15,2.0,396.0,342.1,2.0,46.0,342.05,7.0,1403.0,708914.0,342.3,1.0,328.0,342.35,1.0,503.0,342.4,2.0,213.0,342.45,4.0,112.0,342.55,7.0,1400.0,686960.0,342.07
10652.10,36220.72,0,8815805.0,12:36:01,342.25,3.0,312.0,342.2,1.0,36.0,342.15,2.0,396.0,342.1,2.0,46.0,342.05,7.0,1403.0,708914.0,342.3,1.0,328.0,342.35,1.0,503.0,342.4,2.0,213.0,342.45,4.0,112.0,342.55,7.0,1400.0,686960.0,342.07
10652.60,36221.31,0,8820243.0,12:36:04,342.45,8.0,429.0,342.4,1.0,219.0,342.35,7.0,789.0,342.3,4.0,767.0,342.25,8.0,1129.0,710700.0,342.65,4.0,350.0,342.7,1.0,220.0,342.75,5.0,1607.0,342.8,1.0,200.0,342.85,4.0,601.0,683451.0,342.07
10652.90,36222.90,0,8820243.0,12:36:04,342.55,1.0,203.0,342.5,3.0,165.0,342.45,5.0,42.0,342.4,1.0,100.0,342.35,8.0,1140.0,710503.0,342.7,3.0,7.0,342.75,4.0,1482.0,342.8,1.0,200.0,342.85,1.0,1.0,342.9,5.0,2980.0,683211.0,342.07
10654.60,36224.80,0,8820251.0,12:36:06,342.5,1.0,58.0,342.45,3.0,129.0,342.4,1.0,256.0,342.35,8.0,712.0,342.3,4.0,1285.0,710255.0,342.55,1.0,5.0,342.6,1.0,5000.0,342.7,2.0,400.0,342.75,1.0,1000.0,342.8,1.0,200.0,683615.0,342.07
10654.90,36225.09,0,8820261.0,12:36:07,342.55,1.0,17.0,342.5,1.0,58.0,342.45,3.0,129.0,342.4,2.0,257.0,342.35,6.0,537.0,710098.0,342.6,1.0,5000.0,342.7,2.0,400.0,342.75,2.0,1375.0,342.8,2.0,420.0,342.85,4.0,612.0,683610.0,342.07
10654.85,36225.93,0,8820261.0,12:36:07,342.55,1.0,17.0,342.5,1.0,58.0,342.45,3.0,129.0,342.4,2.0,257.0,342.35,6.0,537.0,710098.0,342.6,1.0,5000.0,342.7,2.0,400.0,342.75,2.0,1375.0,342.8,2.0,420.0,342.85,4.0,612.0,683610.0,342.07
10654.70,36226.49,0,8820261.0,12:36:07,342.55,1.0,17.0,342.5,1.0,58.0,342.45,3.0,129.0,342.4,2.0,257.0,342.35,6.0,537.0,710098.0,342.6,1.0,5000.0,342.7,2.0,400.0,342.75,2.0,1375.0,342.8,2.0,420.0,342.85,4.0,612.0,683710.0,342.07
10655.15,36226.97,0,8820266.0,12:36:11,342.55,2.0,39.0,342.5,1.0,58.0,342.45,4.0,131.0,342.4,2.0,257.0,342.35,5.0,535.0,709820.0,342.6,1.0,5000.0,342.7,2.0,400.0,342.75,2.0,1375.0,342.8,2.0,420.0,342.85,4.0,612.0,683710.0,342.07
10653.95,36225.97,0,8820288.0,12:36:13,342.55,2.0,44.0,342.5,1.0,58.0,342.45,2.0,60.0,342.4,2.0,257.0,342.35,5.0,535.0,707104.0,342.6,2.0,5328.0,342.75,3.0,1400.0,342.8,4.0,831.0,342.85,4.0,612.0,342.9,9.0,3736.0,686699.0,342.07
10654.25,36223.33,0,8828561.0,12:36:13,342.65,2.0,292.0,342.6,6.0,588.0,342.55,4.0,1895.0,342.5,3.0,469.0,342.45,6.0,6381.0,712096.0,342.75,1.0,1000.0,342.8,2.0,201.0,342.85,2.0,6.0,342.9,6.0,3080.0,342.95,16.0,3399.0,680641.0,342.07
10653.20,36222.81,0,8828580.0,12:36:15,342.65,2.0,273.0,342.6,7.0,624.0,342.55,3.0,1859.0,342.5,4.0,678.0,342.45,6.0,6381.0,712479.0,342.75,1.0,1000.0,342.8,2.0,201.0,342.85,2.0,6.0,342.9,6.0,3080.0,342.95,16.0,3399.0,681266.0,342.07
10653.20,36222.81,0,8828790.0,12:36:16,342.65,2.0,273.0,342.6,7.0,788.0,342.55,4.0,1959.0,342.5,5.0,714.0,342.45,7.0,6421.0,713314.0,342.75,1.0,790.0,342.8,3.0,301.0,342.85,2.0,6.0,342.9,7.0,3116.0,342.95,17.0,3774.0,682323.0,342.07
10653.35,36219.61,0,8828810.0,12:36:17,342.65,2.0,253.0,342.6,7.0,788.0,342.55,5.0,1995.0,342.5,5.0,878.0,342.45,6.0,6381.0,713354.0,342.75,1.0,790.0,342.8,3.0,301.0,342.85,2.0,6.0,342.9,6.0,3080.0,342.95,17.0,3774.0,682487.0,342.07
10653.75,36220.55,0,8828810.0,12:36:17,342.65,3.0,289.0,342.6,5.0,368.0,342.55,6.0,2379.0,342.5,5.0,878.0,342.45,6.0,6381.0,713459.0,342.75,1.0,790.0,342.8,2.0,201.0,342.85,5.0,606.0,342.9,8.0,3500.0,342.95,16.0,3474.0,681746.0,342.07
10654.00,36222.71,0,8828811.0,12:36:20,342.65,2.0,252.0,342.6,5.0,368.0,342.55,6.0,2379.0,342.5,6.0,914.0,342.45,6.0,6381.0,713458.0,342.75,1.0,790.0,342.8,2.0,201.0,342.85,5.0,606.0,342.9,8.0,3500.0,342.95,16.0,3474.0,681482.0,342.07
10654.70,36222.99,0,8828827.0,12:36:21,342.7,1.0,16.0,342.65,4.0,358.0,342.6,5.0,368.0,342.55,6.0,2379.0,342.5,4.0,669.0,713345.0,342.75,1.0,790.0,342.8,2.0,201.0,342.85,5.0,606.0,342.9,8.0,3500.0,342.95,16.0,3474.0,681482.0,342.07
10655.40,36221.74,0,8828827.0,12:36:21,342.7,1.0,16.0,342.65,2.0,106.0,342.6,5.0,368.0,342.55,7.0,2415.0,342.5,4.0,669.0,713129.0,342.75,2.0,805.0,342.8,2.0,201.0,342.85,5.0,606.0,342.9,7.0,3485.0,342.95,16.0,3474.0,681482.0,342.07
10654.45,36223.98,0,8829048.0,12:36:23,342.6,1.0,36.0,342.55,1.0,58.0,342.5,7.0,475.0,342.45,1.0,58.0,342.4,4.0,468.0,708820.0,342.75,3.0,927.0,342.8,1.0,200.0,342.85,4.0,601.0,342.9,7.0,3485.0,342.95,16.0,3474.0,681541.0,342.07
10654.35,36224.82,0,8829484.0,12:36:25,342.55,1.0,394.0,342.5,5.0,297.0,342.45,4.0,66.0,342.4,6.0,719.0,342.35,7.0,2755.0,709601.0,342.75,2.0,560.0,342.8,2.0,236.0,342.85,2.0,126.0,342.9,8.0,3665.0,342.95,18.0,3894.0,681386.0,342.07
10654.35,36225.18,0,8829484.0,12:36:25,342.55,1.0,394.0,342.5,5.0,297.0,342.45,4.0,66.0,342.4,6.0,719.0,342.35,7.0,2755.0,709601.0,342.75,3.0,633.0,342.8,2.0,236.0,342.85,1.0,1.0,342.9,10.0,4085.0,342.95,16.0,3474.0,681324.0,342.07
10654.45,36225.18,0,8829484.0,12:36:25,342.55,1.0,394.0,342.5,5.0,297.0,342.45,4.0,66.0,342.4,6.0,719.0,342.35,6.0,2562.0,709408.0,342.7,2.0,91.0,342.75,2.0,560.0,342.8,2.0,236.0,342.85,1.0,1.0,342.9,10.0,4085.0,681342.0,342.07
10654.25,36224.52,0,8829484.0,12:36:25,342.55,2.0,494.0,342.5,5.0,297.0,342.45,4.0,66.0,342.4,5.0,619.0,342.35,7.0,2662.0,707708.0,342.7,3.0,289.0,342.75,3.0,570.0,342.8,2.0,236.0,342.85,1.0,1.0,342.9,10.0,4085.0,681540.0,342.07
10653.35,36225.21,0,8829484.0,12:36:25,342.55,2.0,494.0,342.5,5.0,297.0,342.45,4.0,66.0,342.4,5.0,619.0,342.35,8.0,2843.0,709689.0,342.7,3.0,289.0,342.75,4.0,606.0,342.8,1.0,200.0,342.85,1.0,1.0,342.9,10.0,4085.0,681440.0,342.07
10653.35,36225.80,0,8829507.0,12:36:30,342.55,3.0,493.0,342.5,5.0,297.0,342.45,4.0,66.0,342.4,4.0,583.0,342.35,9.0,4643.0,709852.0,342.7,3.0,252.0,342.75,3.0,570.0,342.8,1.0,200.0,342.85,2.0,6.0,342.9,10.0,4085.0,681367.0,342.07
10653.50,36224.71,0,8829507.0,12:36:30,342.55,3.0,493.0,342.5,5.0,297.0,342.45,4.0,66.0,342.4,4.0,583.0,342.35,9.0,4643.0,709852.0,342.7,3.0,252.0,342.75,3.0,570.0,342.8,1.0,200.0,342.85,2.0,6.0,342.9,10.0,4085.0,681367.0,342.07
10653.85,36221.42,0,8829507.0,12:36:30,342.55,3.0,493.0,342.5,5.0,297.0,342.45,4.0,66.0,342.4,4.0,583.0,342.35,9.0,4643.0,709857.0,342.7,3.0,252.0,342.75,4.0,585.0,342.8,1.0,200.0,342.85,2.0,6.0,342.9,10.0,4085.0,681382.0,342.07
10653.10,36230.75,0,8829507.0,12:36:30,342.55,2.0,122.0,342.5,4.0,261.0,342.45,3.0,61.0,342.4,4.0,583.0,342.35,8.0,4604.0,709451.0,342.7,3.0,316.0,342.75,4.0,585.0,342.8,2.0,236.0,342.85,2.0,6.0,342.9,11.0,4100.0,681433.0,342.07
10653.75,36227.97,0,8829507.0,12:36:30,342.55,2.0,122.0,342.5,4.0,261.0,342.45,3.0,61.0,342.4,4.0,583.0,342.35,8.0,4604.0,709451.0,342.7,2.0,216.0,342.75,5.0,655.0,342.8,2.0,236.0,342.85,2.0,6.0,342.9,11.0,4100.0,681403.0,342.07
10653.40,36224.38,0,8829557.0,12:36:36,342.55,2.0,122.0,342.5,4.0,261.0,342.45,3.0,61.0,342.4,4.0,583.0,342.35,9.0,4644.0,709451.0,342.7,2.0,184.0,342.75,5.0,655.0,342.8,2.0,236.0,342.85,3.0,106.0,342.9,11.0,4100.0,681371.0,342.07
10652.60,36230.09,0,8829632.0,12:36:38,342.55,3.0,154.0,342.5,5.0,297.0,342.45,3.0,61.0,342.4,4.0,356.0,342.35,10.0,4787.0,709280.0,342.7,1.0,18.0,342.75,6.0,691.0,342.8,1.0,200.0,342.85,2.0,101.0,342.9,11.0,4100.0,681205.0,342.07
10652.60,36232.67,0,8829632.0,12:36:38,342.55,3.0,154.0,342.5,5.0,297.0,342.45,3.0,61.0,342.4,4.0,356.0,342.35,10.0,4787.0,709280.0,342.7,1.0,18.0,342.75,6.0,691.0,342.8,1.0,200.0,342.85,2.0,101.0,342.9,11.0,4100.0,681205.0,342.07
10652.65,36230.33,0,8829642.0,12:36:38,342.55,3.0,154.0,342.5,5.0,297.0,342.45,3.0,61.0,342.4,4.0,356.0,342.35,11.0,5007.0,707830.0,342.7,1.0,8.0,342.75,6.0,691.0,342.8,1.0,200.0,342.85,2.0,101.0,342.9,11.0,4100.0,681176.0,342.07
10652.70,36227.75,0,8829801.0,12:36:41,342.55,4.0,179.0,342.5,5.0,297.0,342.45,4.0,66.0,342.4,3.0,320.0,342.35,5.0,687.0,707849.0,342.7,1.0,5.0,342.75,5.0,599.0,342.8,1.0,200.0,342.85,3.0,111.0,342.9,11.0,4255.0,681086.0,342.07
10652.90,36231.32,0,8829811.0,12:36:42,342.55,4.0,179.0,342.5,5.0,297.0,342.45,4.0,66.0,342.4,3.0,320.0,342.35,6.0,887.0,707849.0,342.7,1.0,31.0,342.75,4.0,563.0,342.8,1.0,200.0,342.85,4.0,486.0,342.9,11.0,4100.0,681076.0,342.07
10652.95,36231.31,0,8829811.0,12:36:42,342.55,6.0,403.0,342.5,4.0,296.0,342.45,4.0,66.0,342.4,6.0,719.0,342.35,8.0,4544.0,708108.0,342.75,4.0,563.0,342.8,1.0,200.0,342.85,4.0,147.0,342.9,10.0,3880.0,342.95,17.0,3694.0,681086.0,342.07
10652.30,36228.35,0,8829811.0,12:36:42,342.55,7.0,603.0,342.5,3.0,96.0,342.45,4.0,66.0,342.4,6.0,719.0,342.35,8.0,4544.0,708108.0,342.75,4.0,563.0,342.8,1.0,200.0,342.85,4.0,147.0,342.9,12.0,4475.0,342.95,15.0,3099.0,681086.0,342.07
10652.55,36228.08,0,8830041.0,12:36:46,342.55,4.0,338.0,342.5,4.0,97.0,342.45,5.0,137.0,342.4,7.0,759.0,342.35,7.0,4504.0,707975.0,342.75,5.0,588.0,342.8,1.0,200.0,342.85,9.0,1506.0,342.9,7.0,3286.0,342.95,15.0,3099.0,681774.0,342.07
10652.95,36229.13,0,8830041.0,12:36:46,342.55,5.0,469.0,342.5,4.0,97.0,342.45,5.0,137.0,342.4,6.0,719.0,342.35,8.0,4544.0,708106.0,342.75,4.0,552.0,342.8,1.0,200.0,342.85,10.0,1542.0,342.9,7.0,3286.0,342.95,15.0,3099.0,681774.0,342.07
10652.95,36229.61,0,8830041.0,12:36:46,342.55,4.0,338.0,342.5,4.0,97.0,342.45,5.0,137.0,342.4,6.0,719.0,342.35,8.0,4544.0,708025.0,342.7,1.0,5.0,342.75,4.0,552.0,342.8,2.0,220.0,342.85,10.0,1542.0,342.9,7.0,3286.0,681200.0,342.07
10653.25,36228.85,0,8830044.0,12:36:50,342.55,4.0,338.0,342.5,3.0,61.0,342.45,4.0,66.0,342.4,5.0,619.0,342.35,9.0,4644.0,707918.0,342.7,4.0,602.0,342.75,7.0,977.0,342.8,5.0,731.0,342.85,3.0,111.0,342.9,8.0,3636.0,680902.0,342.07
10652.70,36229.08,0,8830044.0,12:36:50,342.55,4.0,338.0,342.5,3.0,61.0,342.45,4.0,66.0,342.4,5.0,619.0,342.35,9.0,4644.0,707918.0,342.7,4.0,602.0,342.75,7.0,977.0,342.8,5.0,731.0,342.85,3.0,111.0,342.9,8.0,3636.0,680902.0,342.07
10652.55,36231.01,0,8830044.0,12:36:50,342.55,4.0,338.0,342.5,4.0,251.0,342.45,4.0,66.0,342.4,3.0,393.0,342.35,9.0,4644.0,707882.0,342.7,4.0,602.0,342.75,8.0,1013.0,342.8,4.0,695.0,342.85,3.0,111.0,342.9,8.0,3636.0,680902.0,342.07
10652.25,36227.68,0,8830202.0,12:36:52,342.55,4.0,338.0,342.5,4.0,251.0,342.45,4.0,66.0,342.4,3.0,393.0,342.35,9.0,4644.0,707879.0,342.7,2.0,400.0,342.75,9.0,1213.0,342.8,4.0,695.0,342.85,3.0,111.0,342.9,8.0,3636.0,680900.0,342.07
10651.35,36226.16,0,8830252.0,12:36:53,342.55,3.0,306.0,342.5,2.0,248.0,342.45,4.0,62.0,342.4,3.0,37.0,342.35,3.0,402.0,707715.0,342.65,2.0,536.0,342.7,2.0,400.0,342.75,10.0,1411.0,342.8,3.0,320.0,342.85,4.0,486.0,683469.0,342.07
10651.05,36226.46,0,8830284.0,12:36:54,342.55,3.0,274.0,342.5,2.0,290.0,342.45,3.0,61.0,342.4,4.0,38.0,342.35,3.0,402.0,707607.0,342.65,3.0,786.0,342.7,7.0,1423.0,342.75,6.0,763.0,342.8,3.0,320.0,342.85,3.0,111.0,683728.0,342.07
10650.85,36227.16,0,8830322.0,12:36:56,342.55,3.0,246.0,342.5,2.0,290.0,342.45,3.0,61.0,342.4,4.0,38.0,342.35,3.0,402.0,707679.0,342.65,3.0,776.0,342.7,7.0,1423.0,342.75,6.0,763.0,342.8,3.0,320.0,342.85,3.0,111.0,683718.0,342.07
10651.20,36227.53,0,8830858.0,12:36:58,342.4,1.0,30.0,342.3,4.0,284.0,342.25,4.0,456.0,342.2,1.0,50.0,342.15,3.0,268.0,705992.0,342.5,3.0,279.0,342.55,6.0,1078.0,342.6,1.0,150.0,342.65,5.0,1143.0,342.75,10.0,1733.0,682720.0,342.07
10651.30,36227.25,0,8830858.0,12:36:58,342.4,1.0,30.0,342.3,4.0,284.0,342.25,4.0,456.0,342.2,1.0,50.0,342.15,3.0,268.0,705992.0,342.5,3.0,279.0,342.55,6.0,1078.0,342.6,1.0,150.0,342.65,6.0,1343.0,342.75,9.0,1533.0,682720.0,342.07
10651.20,36224.71,0,8830858.0,12:36:58,342.4,1.0,30.0,342.3,4.0,284.0,342.25,4.0,456.0,342.2,1.0,50.0,342.15,2.0,105.0,704604.0,342.5,6.0,647.0,342.55,5.0,1050.0,342.6,1.0,150.0,342.65,6.0,1140.0,342.75,9.0,1533.0,682757.0,342.07
10650.85,36224.09,0,8831349.0,12:37:01,342.25,3.0,455.0,342.2,5.0,56.0,342.15,3.0,110.0,342.1,6.0,691.0,342.05,8.0,2631.0,704973.0,342.45,2.0,701.0,342.5,3.0,571.0,342.55,7.0,1417.0,342.6,2.0,255.0,342.65,4.0,585.0,683247.0,342.07
10650.15,36222.52,0,8831349.0,12:37:01,342.25,3.0,455.0,342.2,5.0,56.0,342.15,3.0,110.0,342.1,6.0,691.0,342.05,9.0,2636.0,705593.0,342.45,2.0,701.0,342.5,3.0,571.0,342.55,7.0,1417.0,342.6,2.0,255.0,342.65,4.0,585.0,683247.0,342.07
10649.60,36222.72,0,8831349.0,12:37:01,342.25,3.0,455.0,342.2,5.0,56.0,342.15,4.0,146.0,342.1,5.0,655.0,342.05,9.0,2636.0,705593.0,342.45,2.0,701.0,342.5,3.0,571.0,342.55,7.0,1417.0,342.6,2.0,255.0,342.65,4.0,585.0,683247.0,342.07
10649.50,36217.25,0,8831349.0,12:37:01,342.25,3.0,455.0,342.2,3.0,54.0,342.15,4.0,12.0,342.1,3.0,415.0,342.05,6.0,856.0,704496.0,342.4,7.0,1474.0,342.45,4.0,1121.0,342.5,5.0,899.0,342.55,3.0,442.0,342.6,2.0,255.0,685604.0,342.07
10649.60,36219.76,0,8831359.0,12:37:04,342.25,3.0,455.0,342.2,3.0,54.0,342.15,4.0,12.0,342.1,3.0,415.0,342.05,6.0,856.0,704471.0,342.4,7.0,1464.0,342.45,4.0,1121.0,342.5,5.0,899.0,342.55,3.0,442.0,342.6,2.0,255.0,685294.0,342.07
10649.05,36215.63,0,8831604.0,12:37:07,342.25,3.0,330.0,342.2,1.0,50.0,342.15,2.0,7.0,342.1,6.0,419.0,342.05,3.0,505.0,703802.0,342.3,1.0,584.0,342.35,3.0,421.0,342.4,8.0,1736.0,342.45,1.0,125.0,342.5,5.0,899.0,685350.0,342.07
10649.05,36215.52,0,8831604.0,12:37:07,342.25,3.0,330.0,342.2,1.0,50.0,342.15,2.0,7.0,342.1,6.0,419.0,342.05,3.0,505.0,703802.0,342.3,1.0,584.0,342.35,3.0,421.0,342.4,8.0,1736.0,342.45,1.0,125.0,342.5,5.0,899.0,685350.0,342.07
10649.50,36217.67,0,8831604.0,12:37:07,342.25,3.0,330.0,342.2,2.0,68.0,342.15,2.0,7.0,342.1,6.0,419.0,342.05,3.0,505.0,703820.0,342.3,2.0,912.0,342.35,3.0,421.0,342.4,7.0,1408.0,342.45,1.0,125.0,342.5,5.0,899.0,685350.0,342.07
10649.15,36217.67,0,8831739.0,12:37:10,342.25,1.0,195.0,342.2,2.0,68.0,342.15,2.0,7.0,342.1,6.0,419.0,342.05,3.0,505.0,703685.0,342.3,2.0,912.0,342.35,3.0,421.0,342.4,7.0,1408.0,342.5,5.0,899.0,342.55,3.0,442.0,685225.0,342.07
10648.55,36216.86,0,8831739.0,12:37:10,342.25,1.0,195.0,342.2,2.0,68.0,342.15,2.0,7.0,342.1,6.0,419.0,342.05,3.0,505.0,703685.0,342.3,2.0,912.0,342.35,3.0,421.0,342.4,4.0,788.0,342.45,3.0,620.0,342.5,5.0,899.0,685225.0,342.07
10649.00,36220.88,0,8831934.0,12:37:13,342.2,2.0,68.0,342.15,2.0,10.0,342.1,6.0,420.0,342.05,4.0,506.0,342.0,21.0,5224.0,703303.0,342.25,4.0,386.0,342.3,2.0,912.0,342.35,4.0,492.0,342.4,6.0,1084.0,342.45,2.0,420.0,685687.0,342.07
10648.60,36221.89,0,8831934.0,12:37:13,342.2,2.0,68.0,342.15,2.0,10.0,342.1,6.0,420.0,342.05,4.0,506.0,342.0,21.0,5224.0,703303.0,342.25,4.0,386.0,342.3,2.0,912.0,342.35,4.0,492.0,342.4,6.0,1084.0,342.45,2.0,420.0,685687.0,342.07
10648.90,36220.67,0,8832164.0,12:37:15,342.15,1.0,5.0,342.1,4.0,417.0,342.05,6.0,509.0,342.0,21.0,5224.0,341.95,1.0,1.0,703232.0,342.2,5.0,334.0,342.25,1.0,328.0,342.3,3.0,984.0,342.35,5.0,996.0,342.4,2.0,193.0,683579.0,342.07
10648.35,36217.39,0,8832175.0,12:37:15,342.1,4.0,411.0,342.05,5.0,507.0,342.0,22.0,5226.0,341.95,1.0,1.0,341.9,6.0,334.0,702504.0,342.15,1.0,27.0,342.2,5.0,334.0,342.25,2.0,433.0,342.3,3.0,984.0,342.35,5.0,996.0,684516.0,342.07
10648.15,36219.32,0,8832675.0,12:37:16,342.15,1.0,5.0,342.1,6.0,414.0,342.05,4.0,506.0,342.0,21.0,5224.0,341.95,3.0,137.0,702540.0,342.25,2.0,294.0,342.3,2.0,784.0,342.35,6.0,1196.0,342.4,4.0,369.0,342.45,2.0,420.0,685692.0,342.07
10647.30,36212.54,0,8832675.0,12:37:16,342.15,1.0,5.0,342.1,6.0,414.0,342.05,4.0,506.0,342.0,21.0,5224.0,341.95,2.0,37.0,702540.0,342.25,2.0,304.0,342.3,1.0,584.0,342.35,6.0,797.0,342.4,4.0,369.0,342.45,5.0,1195.0,685245.0,342.07
10647.45,36213.08,0,8832675.0,12:37:16,342.15,1.0,5.0,342.1,6.0,414.0,342.05,4.0,506.0,342.0,21.0,5224.0,341.95,2.0,37.0,702540.0,342.25,2.0,304.0,342.3,1.0,584.0,342.35,5.0,726.0,342.4,5.0,440.0,342.45,5.0,1195.0,685344.0,342.07
10647.45,36213.91,0,8832833.0,12:37:21,342.15,1.0,5.0,342.1,6.0,414.0,342.05,4.0,506.0,342.0,21.0,5224.0,341.95,3.0,137.0,702540.0,342.25,2.0,146.0,342.3,1.0,584.0,342.35,5.0,726.0,342.4,4.0,369.0,342.45,5.0,1195.0,685115.0,342.07
10647.20,36214.17,0,8832833.0,12:37:21,342.15,1.0,5.0,342.1,6.0,414.0,342.05,4.0,506.0,342.0,21.0,5224.0,341.95,3.0,137.0,702540.0,342.25,2.0,146.0,342.3,1.0,584.0,342.35,5.0,726.0,342.4,4.0,369.0,342.45,5.0,1195.0,685515.0,342.07
10648.05,36214.52,0,8832833.0,12:37:21,342.15,1.0,5.0,342.1,6.0,414.0,342.05,4.0,506.0,342.0,21.0,5224.0,341.95,3.0,137.0,702540.0,342.25,2.0,146.0,342.3,1.0,584.0,342.35,5.0,726.0,342.4,4.0,369.0,342.45,5.0,1195.0,685575.0,342.07
10647.65,36214.07,0,8832833.0,12:37:21,342.15,1.0,5.0,342.1,6.0,414.0,342.05,4.0,506.0,342.0,22.0,5260.0,341.95,2.0,101.0,702560.0,342.25,2.0,146.0,342.3,1.0,584.0,342.35,5.0,726.0,342.4,4.0,369.0,342.45,5.0,1195.0,686075.0,342.07
10647.50,36215.18,0,8836082.0,12:37:27,342.15,3.0,8.0,342.1,5.0,412.0,342.05,5.0,577.0,342.0,23.0,5374.0,341.95,2.0,101.0,704963.0,342.3,2.0,522.0,342.35,1.0,99.0,342.4,3.0,194.0,342.45,1.0,286.0,342.5,4.0,569.0,685377.0,342.07
10647.40,36213.00,0,8836082.0,12:37:27,342.15,3.0,8.0,342.1,5.0,412.0,342.05,5.0,577.0,342.0,23.0,5374.0,341.95,2.0,101.0,704963.0,342.3,2.0,522.0,342.35,1.0,99.0,342.4,3.0,194.0,342.45,1.0,286.0,342.5,4.0,569.0,685377.0,342.07
10647.85,36211.53,0,8836132.0,12:37:27,342.15,2.0,7.0,342.1,7.0,449.0,342.05,4.0,541.0,342.0,23.0,5374.0,341.95,2.0,101.0,706550.0,342.3,2.0,472.0,342.35,1.0,99.0,342.4,4.0,265.0,342.45,4.0,886.0,342.5,4.0,569.0,685949.0,342.07
10648.10,36213.47,0,8836152.0,12:37:29,342.15,6.0,528.0,342.1,5.0,412.0,342.05,5.0,752.0,342.0,25.0,5806.0,341.95,3.0,141.0,707368.0,342.3,1.0,202.0,342.35,1.0,99.0,342.4,3.0,194.0,342.45,6.0,1332.0,342.5,5.0,769.0,685505.0,342.07
10648.75,36220.67,0,8836171.0,12:37:30,342.2,1.0,250.0,342.15,2.0,25.0,342.1,5.0,412.0,342.05,5.0,752.0,342.0,26.0,5906.0,707353.0,342.3,1.0,202.0,342.35,1.0,99.0,342.4,4.0,196.0,342.45,5.0,1261.0,342.5,5.0,769.0,685436.0,342.07
10648.50,36220.38,0,8836371.0,12:37:31,342.2,1.0,22.0,342.15,2.0,6.0,342.1,6.0,448.0,342.05,5.0,752.0,342.0,26.0,5816.0,707109.0,342.3,2.0,252.0,342.35,1.0,99.0,342.4,4.0,196.0,342.45,5.0,1261.0,342.5,5.0,769.0,686171.0,342.07
10649.45,36221.08,0,8836371.0,12:37:31,342.2,1.0,22.0,342.15,2.0,6.0,342.1,6.0,448.0,342.05,5.0,752.0,342.0,26.0,5816.0,707109.0,342.3,2.0,252.0,342.35,1.0,99.0,342.4,4.0,196.0,342.45,5.0,1261.0,342.5,5.0,769.0,686171.0,342.07
10649.45,36218.67,0,8836371.0,12:37:31,342.2,1.0,22.0,342.15,2.0,6.0,342.1,6.0,448.0,342.05,5.0,752.0,342.0,26.0,5816.0,707109.0,342.3,2.0,252.0,342.35,1.0,99.0,342.4,4.0,196.0,342.45,5.0,1261.0,342.5,5.0,769.0,686171.0,342.07
10649.80,36218.71,0,8836371.0,12:37:31,342.2,1.0,22.0,342.15,2.0,6.0,342.1,5.0,412.0,342.05,5.0,752.0,342.0,27.0,5818.0,707075.0,342.3,3.0,373.0,342.35,1.0,99.0,342.4,4.0,196.0,342.45,4.0,975.0,342.5,5.0,769.0,686006.0,342.07
10649.85,36219.87,0,8836721.0,12:37:36,342.2,3.0,25.0,342.15,1.0,1.0,342.1,5.0,481.0,342.05,5.0,1616.0,342.0,28.0,5918.0,705886.0,342.4,2.0,393.0,342.45,1.0,71.0,342.5,5.0,571.0,342.55,2.0,6.0,342.6,1.0,150.0,685124.0,342.07
10650.10,36217.57,0,8836915.0,12:37:38,342.2,2.0,192.0,342.15,4.0,74.0,342.1,3.0,409.0,342.05,6.0,1716.0,342.0,29.0,6058.0,707588.0,342.4,3.0,411.0,342.45,3.0,74.0,342.5,5.0,571.0,342.55,4.0,536.0,342.6,3.0,550.0,685731.0,342.07
10649.40,36218.22,0,8836915.0,12:37:38,342.25,5.0,142.0,342.2,3.0,157.0,342.15,1.0,219.0,342.1,5.0,634.0,342.05,7.0,1795.0,706090.0,342.45,2.0,86.0,342.5,5.0,398.0,342.6,3.0,326.0,342.65,2.0,136.0,342.7,4.0,1594.0,683043.0,342.07
10649.80,36218.96,0,8836915.0,12:37:38,342.25,2.0,100.0,342.2,3.0,122.0,342.15,2.0,255.0,342.1,5.0,634.0,342.05,8.0,1995.0,707854.0,342.45,1.0,100.0,342.5,6.0,469.0,342.6,3.0,326.0,342.65,5.0,636.0,342.7,7.0,2490.0,685080.0,342.07
10649.95,36217.66,0,8836915.0,12:37:38,342.25,5.0,218.0,342.2,4.0,332.0,342.15,1.0,219.0,342.1,6.0,585.0,342.05,7.0,1955.0,707750.0,342.45,1.0,100.0,342.5,5.0,398.0,342.55,2.0,76.0,342.6,3.0,326.0,342.65,5.0,636.0,685080.0,342.07
10650.30,36220.37,0,8836915.0,12:37:38,342.25,5.0,218.0,342.2,5.0,333.0,342.15,1.0,219.0,342.1,4.0,445.0,342.05,8.0,1895.0,707750.0,342.4,1.0,328.0,342.5,5.0,398.0,342.55,2.0,76.0,342.6,3.0,326.0,342.65,5.0,975.0,685272.0,342.07
10649.55,36219.78,0,8836915.0,12:37:38,342.25,5.0,218.0,342.2,5.0,333.0,342.15,1.0,219.0,342.1,5.0,495.0,342.05,8.0,1895.0,707800.0,342.4,1.0,328.0,342.5,5.0,398.0,342.55,2.0,76.0,342.6,3.0,326.0,342.65,5.0,975.0,685272.0,342.07
10649.50,36221.27,0,8837085.0,12:37:45,342.25,3.0,171.0,342.2,5.0,333.0,342.15,1.0,36.0,342.1,5.0,495.0,342.05,7.0,1855.0,707789.0,342.4,1.0,327.0,342.45,1.0,1.0,342.5,6.0,469.0,342.6,4.0,362.0,342.65,8.0,1595.0,685308.0,342.07
10649.90,36220.15,0,8837378.0,12:37:46,342.25,2.0,158.0,342.2,4.0,311.0,342.15,1.0,36.0,342.1,6.0,595.0,342.05,7.0,1795.0,705954.0,342.4,1.0,34.0,342.45,1.0,1.0,342.5,6.0,469.0,342.55,1.0,5.0,342.6,4.0,362.0,685015.0,342.07
10649.00,36220.63,0,8837378.0,12:37:46,342.25,2.0,158.0,342.2,4.0,311.0,342.15,1.0,36.0,342.1,6.0,595.0,342.05,7.0,1795.0,705964.0,342.4,1.0,34.0,342.45,1.0,1.0,342.5,6.0,469.0,342.55,1.0,5.0,342.6,4.0,362.0,685015.0,342.07
10649.00,36220.13,0,8837378.0,12:37:46,342.3,2.0,41.0,342.25,2.0,158.0,342.2,4.0,311.0,342.1,7.0,635.0,342.05,7.0,1955.0,706153.0,342.4,1.0,34.0,342.45,1.0,1.0,342.5,5.0,398.0,342.55,1.0,71.0,342.6,3.0,326.0,684979.0,342.07
10650.00,36222.92,0,8837378.0,12:37:46,342.3,2.0,41.0,342.25,3.0,160.0,342.2,4.0,311.0,342.1,8.0,2635.0,342.05,8.0,1970.0,708220.0,342.4,1.0,34.0,342.45,1.0,1.0,342.5,5.0,398.0,342.55,1.0,71.0,342.6,3.0,326.0,684879.0,342.07
10649.50,36221.59,0,8837378.0,12:37:46,342.3,2.0,41.0,342.25,3.0,160.0,342.2,4.0,311.0,342.1,8.0,2635.0,342.05,8.0,1970.0,708220.0,342.4,1.0,34.0,342.45,1.0,1.0,342.5,5.0,398.0,342.55,1.0,71.0,342.6,3.0,326.0,684879.0,342.07
10649.35,36219.68,0,8837383.0,12:37:51,342.3,2.0,41.0,342.25,3.0,160.0,342.2,4.0,311.0,342.15,1.0,36.0,342.1,7.0,2599.0,708220.0,342.4,1.0,29.0,342.45,1.0,1.0,342.5,5.0,398.0,342.55,1.0,71.0,342.6,3.0,326.0,685349.0,342.07
10649.70,36218.04,0,8837383.0,12:37:51,342.3,2.0,41.0,342.25,3.0,160.0,342.2,4.0,311.0,342.15,1.0,36.0,342.1,7.0,2599.0,708220.0,342.4,1.0,29.0,342.45,1.0,1.0,342.5,5.0,398.0,342.55,1.0,71.0,342.6,3.0,326.0,686349.0,342.07
10649.70,36219.60,0,8837383.0,12:37:51,342.3,2.0,41.0,342.25,3.0,160.0,342.2,4.0,311.0,342.15,1.0,36.0,342.1,7.0,2599.0,708220.0,342.4,1.0,29.0,342.45,1.0,1.0,342.5,5.0,398.0,342.55,1.0,71.0,342.6,3.0,326.0,686349.0,342.07
10648.75,36219.25,0,8837433.0,12:37:54,342.25,3.0,160.0,342.2,5.0,347.0,342.15,1.0,36.0,342.1,5.0,2459.0,342.05,8.0,1870.0,706420.0,342.4,1.0,328.0,342.45,1.0,1.0,342.5,6.0,469.0,342.55,1.0,5.0,342.6,3.0,326.0,686655.0,342.07
10649.00,36216.66,0,8837433.0,12:37:54,342.25,4.0,196.0,342.2,4.0,311.0,342.15,1.0,36.0,342.1,5.0,2459.0,342.05,9.0,1910.0,706420.0,342.4,1.0,328.0,342.45,1.0,1.0,342.5,5.0,398.0,342.55,2.0,76.0,342.6,3.0,326.0,686655.0,342.07
10649.10,36211.41,0,8837433.0,12:37:54,342.25,3.0,8.0,342.2,4.0,137.0,342.15,1.0,36.0,342.1,5.0,2459.0,342.05,8.0,1870.0,706263.0,342.4,2.0,535.0,342.45,1.0,1.0,342.5,6.0,469.0,342.55,1.0,5.0,342.6,3.0,326.0,686812.0,342.07
10648.70,36211.81,0,8837433.0,12:37:54,342.25,1.0,2.0,342.2,3.0,3.0,342.15,2.0,41.0,342.1,5.0,2459.0,342.05,6.0,1590.0,705948.0,342.4,3.0,785.0,342.45,1.0,1.0,342.5,7.0,524.0,342.55,5.0,469.0,342.6,6.0,1121.0,687350.0,342.07
10648.85,36211.21,0,8838029.0,12:38:00,342.15,2.0,41.0,342.1,3.0,2441.0,342.05,5.0,731.0,342.0,32.0,6711.0,341.95,4.0,177.0,705775.0,342.35,3.0,600.0,342.4,2.0,73.0,342.45,1.0,1.0,342.5,8.0,620.0,342.55,5.0,1195.0,687380.0,342.07
10648.00,36212.81,0,8838209.0,12:38:01,342.15,4.0,222.0,342.1,3.0,2441.0,342.05,6.0,767.0,342.0,34.0,7311.0,341.95,3.0,77.0,706592.0,342.35,2.0,385.0,342.4,2.0,73.0,342.45,1.0,1.0,342.5,8.0,620.0,342.55,6.0,1395.0,687165.0,342.07
10649.20,36214.21,0,8838309.0,12:38:02,342.15,2.0,26.0,342.1,3.0,2441.0,342.05,6.0,767.0,342.0,33.0,7211.0,341.95,2.0,37.0,706396.0,342.25,1.0,200.0,342.35,2.0,385.0,342.4,3.0,74.0,342.45,1.0,1.0,342.5,6.0,559.0,687305.0,342.07
10649.20,36212.56,0,8838309.0,12:38:02,342.15,2.0,26.0,342.1,3.0,2441.0,342.05,6.0,767.0,342.0,33.0,7211.0,341.95,2.0,37.0,706396.0,342.25,1.0,200.0,342.35,2.0,385.0,342.4,3.0,74.0,342.45,1.0,1.0,342.5,6.0,559.0,687305.0,342.07
10649.05,36213.23,0,8838309.0,12:38:02,342.15,2.0,26.0,342.1,3.0,2441.0,342.05,6.0,767.0,342.0,33.0,7211.0,341.95,2.0,37.0,706396.0,342.25,2.0,235.0,342.35,3.0,386.0,342.4,3.0,74.0,342.5,5.0,459.0,342.55,2.0,400.0,687340.0,342.07
10649.55,36212.73,0,8844557.0,12:38:05,342.0,15.0,3537.0,341.95,1.0,1.0,341.9,6.0,64.0,341.85,6.0,660.0,341.8,9.0,1630.0,699048.0,342.1,1.0,28.0,342.15,1.0,100.0,342.2,5.0,818.0,342.25,8.0,988.0,342.3,2.0,107.0,687342.0,342.07
10649.55,36215.15,0,8844557.0,12:38:05,342.0,15.0,3537.0,341.95,2.0,37.0,341.9,5.0,28.0,341.85,6.0,660.0,341.8,9.0,1630.0,699048.0,342.1,1.0,28.0,342.15,1.0,100.0,342.2,5.0,818.0,342.25,9.0,1059.0,342.3,1.0,36.0,687367.0,342.07
10649.10,36215.10,0,8844557.0,12:38:05,342.05,1.0,250.0,342.0,16.0,3573.0,341.95,2.0,212.0,341.9,4.0,23.0,341.85,12.0,1482.0,700993.0,342.2,1.0,394.0,342.25,6.0,638.0,342.3,3.0,100.0,342.35,2.0,7.0,342.4,1.0,210.0,687594.0,342.07
10649.45,36213.55,0,8844557.0,12:38:05,342.05,2.0,286.0,342.0,15.0,3537.0,341.95,2.0,212.0,341.9,4.0,23.0,341.85,12.0,1482.0,700993.0,342.2,1.0,394.0,342.25,6.0,638.0,342.3,3.0,100.0,342.35,2.0,7.0,342.4,1.0,210.0,687594.0,342.07
10649.45,36215.17,0,8844557.0,12:38:05,342.05,2.0,286.0,342.0,16.0,3547.0,341.95,2.0,212.0,341.9,4.0,23.0,341.85,12.0,1482.0,701003.0,342.2,2.0,695.0,342.25,5.0,337.0,342.3,3.0,100.0,342.35,2.0,7.0,342.4,1.0,210.0,687594.0,342.07
10648.90,36215.05,0,8844597.0,12:38:11,342.0,18.0,3897.0,341.95,3.0,248.0,341.9,4.0,23.0,341.85,10.0,1342.0,341.8,9.0,1736.0,700703.0,342.2,4.0,1350.0,342.25,5.0,337.0,342.3,2.0,29.0,342.35,5.0,219.0,342.4,1.0,210.0,688354.0,342.07
10648.95,36213.38,0,8844637.0,12:38:13,342.0,17.0,3857.0,341.95,3.0,248.0,341.9,4.0,23.0,341.85,9.0,1242.0,341.8,10.0,1836.0,701348.0,342.2,3.0,1279.0,342.25,5.0,337.0,342.3,3.0,100.0,342.35,4.0,183.0,342.4,1.0,210.0,688318.0,342.07
10649.55,36213.31,0,8844637.0,12:38:13,342.0,18.0,3893.0,341.95,2.0,212.0,341.9,4.0,23.0,341.85,10.0,1342.0,341.8,9.0,1736.0,701348.0,342.2,3.0,1279.0,342.25,5.0,337.0,342.3,3.0,100.0,342.35,4.0,183.0,342.4,1.0,210.0,688318.0,342.07
10649.80,36214.38,0,8844638.0,12:38:15,342.0,17.0,3856.0,341.95,2.0,212.0,341.9,5.0,59.0,341.85,10.0,1342.0,341.8,9.0,1736.0,701357.0,342.2,3.0,1279.0,342.25,5.0,337.0,342.3,3.0,100.0,342.35,4.0,183.0,342.4,1.0,210.0,688318.0,342.07
10649.95,36213.38,0,8844638.0,12:38:15,342.0,17.0,3856.0,341.95,2.0,212.0,341.9,5.0,59.0,341.85,10.0,1342.0,341.8,9.0,1736.0,701357.0,342.2,3.0,1279.0,342.25,5.0,337.0,342.3,3.0,100.0,342.35,4.0,183.0,342.4,1.0,210.0,688318.0,342.07
10649.95,36214.42,0,8844648.0,12:38:16,342.0,17.0,3851.0,341.95,3.0,248.0,341.9,4.0,23.0,341.85,10.0,1342.0,341.8,9.0,1736.0,700667.0,342.2,3.0,1279.0,342.25,6.0,408.0,342.3,2.0,29.0,342.35,4.0,183.0,342.4,1.0,210.0,688318.0,342.07
10649.75,36214.95,0,8844648.0,12:38:16,342.0,18.0,3852.0,341.95,3.0,248.0,341.9,4.0,23.0,341.85,12.0,1762.0,341.8,7.0,1316.0,700668.0,342.2,3.0,1279.0,342.25,6.0,408.0,342.3,2.0,29.0,342.35,4.0,183.0,342.4,1.0,210.0,688318.0,342.07
10649.65,36215.06,0,8844748.0,12:38:19,342.0,21.0,3894.0,341.95,2.0,212.0,341.9,4.0,23.0,341.85,13.0,1887.0,341.8,7.0,1316.0,700749.0,342.2,4.0,1250.0,342.25,5.0,304.0,342.3,2.0,29.0,342.35,3.0,181.0,342.4,1.0,210.0,688183.0,342.07
10650.15,36215.13,0,8844905.0,12:38:21,342.05,2.0,37.0,342.0,20.0,3858.0,341.95,2.0,212.0,341.9,4.0,23.0,341.85,13.0,1887.0,700822.0,342.2,2.0,438.0,342.25,4.0,371.0,342.3,3.0,31.0,342.35,3.0,181.0,342.45,1.0,2.0,687542.0,342.07
10650.00,36218.02,0,8844905.0,12:38:21,342.05,3.0,137.0,342.0,20.0,3858.0,341.95,2.0,212.0,341.9,4.0,23.0,341.85,13.0,1887.0,700972.0,342.2,2.0,438.0,342.25,3.0,300.0,342.3,3.0,74.0,342.35,3.0,181.0,342.45,1.0,2.0,687514.0,342.07
10649.90,36216.92,0,8844915.0,12:38:23,342.05,3.0,129.0,342.0,19.0,3558.0,341.95,2.0,212.0,341.9,4.0,23.0,341.85,13.0,1887.0,700964.0,342.2,2.0,438.0,342.25,4.0,371.0,342.3,2.0,3.0,342.35,3.0,181.0,342.45,1.0,2.0,687613.0,342.07
10649.90,36217.83,0,8844915.0,12:38:23,342.05,3.0,129.0,342.0,19.0,3558.0,341.95,2.0,212.0,341.9,4.0,23.0,341.85,13.0,1887.0,700964.0,342.2,2.0,438.0,342.25,4.0,371.0,342.3,2.0,3.0,342.35,3.0,181.0,342.45,1.0,2.0,687613.0,342.07
10649.90,36213.68,0,8844915.0,12:38:23,342.05,2.0,29.0,342.0,19.0,3558.0,341.95,2.0,212.0,341.9,4.0,23.0,341.85,13.0,1887.0,700864.0,342.2,2.0,438.0,342.25,4.0,371.0,342.3,3.0,5.0,342.35,3.0,181.0,342.45,1.0,28.0,687641.0,342.07
10649.70,36213.68,0,8844975.0,12:38:27,342.0,20.0,3561.0,341.95,2.0,212.0,341.9,4.0,23.0,341.85,13.0,1887.0,341.8,7.0,1316.0,700938.0,342.2,4.0,1058.0,342.25,4.0,371.0,342.3,4.0,213.0,342.35,3.0,181.0,342.45,2.0,238.0,688679.0,342.07
10650.10,36218.73,0,8847872.0,12:38:28,342.0,9.0,864.0,341.95,1.0,1.0,341.9,5.0,28.0,341.85,12.0,1787.0,341.8,8.0,1416.0,698715.0,342.15,2.0,151.0,342.2,10.0,1391.0,342.25,3.0,301.0,342.3,1.0,208.0,342.35,3.0,181.0,689060.0,342.07
10650.10,36218.42,0,8847872.0,12:38:28,342.0,8.0,830.0,341.95,1.0,1.0,341.9,5.0,28.0,341.85,13.0,1821.0,341.8,8.0,1416.0,698715.0,342.15,3.0,251.0,342.2,9.0,1260.0,342.25,3.0,301.0,342.3,2.0,244.0,342.35,3.0,181.0,689135.0,342.07
10650.10,36215.81,0,8847872.0,12:38:28,342.0,9.0,852.0,341.95,1.0,1.0,341.9,6.0,62.0,341.85,12.0,1787.0,341.8,8.0,1416.0,698737.0,342.15,2.0,221.0,342.2,7.0,319.0,342.25,3.0,301.0,342.3,2.0,244.0,342.35,3.0,181.0,688114.0,342.07
10650.00,36215.81,0,8847873.0,12:38:31,342.0,9.0,852.0,341.95,2.0,35.0,341.9,5.0,28.0,341.85,13.0,1887.0,341.8,7.0,1316.0,698737.0,342.15,1.0,71.0,342.2,6.0,318.0,342.25,4.0,302.0,342.3,2.0,244.0,342.35,3.0,181.0,688668.0,342.07
10650.25,36217.44,0,8847873.0,12:38:31,342.05,1.0,100.0,342.0,9.0,852.0,341.95,2.0,35.0,341.9,5.0,28.0,341.85,13.0,1887.0,698837.0,342.15,1.0,328.0,342.2,5.0,290.0,342.25,5.0,373.0,342.3,1.0,208.0,342.35,3.0,181.0,688228.0,342.07
10651.50,36216.85,0,8848113.0,12:38:34,342.05,3.0,363.0,342.0,9.0,852.0,341.95,1.0,1.0,341.9,5.0,28.0,341.85,12.0,1787.0,699066.0,342.15,1.0,308.0,342.2,4.0,289.0,342.25,4.0,204.0,342.3,2.0,279.0,342.35,3.0,181.0,687865.0,342.07
10651.25,36220.27,0,8848123.0,12:38:35,342.05,3.0,363.0,342.0,9.0,852.0,341.95,1.0,1.0,341.9,5.0,28.0,341.85,13.0,1887.0,699066.0,342.15,1.0,298.0,342.2,5.0,360.0,342.25,4.0,204.0,342.3,1.0,208.0,342.35,3.0,181.0,687855.0,342.07
10651.65,36219.64,0,8848123.0,12:38:35,342.05,3.0,363.0,342.0,9.0,852.0,341.95,1.0,1.0,341.9,6.0,228.0,341.85,13.0,1887.0,699316.0,342.15,1.0,298.0,342.2,4.0,289.0,342.25,5.0,275.0,342.3,1.0,208.0,342.35,3.0,181.0,687855.0,342.07
10651.90,36219.95,0,8848125.0,12:38:38,342.05,3.0,363.0,342.0,9.0,852.0,341.95,1.0,1.0,341.9,6.0,228.0,341.85,13.0,1887.0,699316.0,342.15,1.0,296.0,342.2,4.0,289.0,342.25,5.0,275.0,342.3,1.0,208.0,342.35,3.0,181.0,687853.0,342.07
10651.90,36220.32,0,8848947.0,12:38:38,342.1,4.0,469.0,342.05,1.0,79.0,342.0,9.0,852.0,341.95,2.0,211.0,341.9,6.0,228.0,698754.0,342.15,1.0,232.0,342.2,2.0,150.0,342.25,3.0,203.0,342.3,3.0,211.0,342.35,1.0,5.0,686985.0,342.07
10651.75,36219.50,0,8848984.0,12:38:39,342.1,4.0,469.0,342.05,2.0,179.0,342.0,9.0,852.0,341.95,2.0,211.0,341.9,6.0,228.0,698874.0,342.15,1.0,195.0,342.2,2.0,150.0,342.25,3.0,203.0,342.3,3.0,211.0,342.35,1.0,5.0,687248.0,342.07
10653.90,36224.88,0,8850544.0,12:38:40,342.1,4.0,725.0,342.05,3.0,398.0,342.0,9.0,852.0,341.95,2.0,211.0,341.9,11.0,1254.0,699661.0,342.15,1.0,124.0,342.2,2.0,150.0,342.25,2.0,202.0,342.3,3.0,211.0,342.35,1.0,1.0,687057.0,342.07
10654.10,36226.38,0,8851145.0,12:38:41,342.1,3.0,433.0,342.05,2.0,179.0,342.0,9.0,852.0,341.95,2.0,211.0,341.9,11.0,1254.0,699442.0,342.15,1.0,222.0,342.2,2.0,150.0,342.25,3.0,203.0,342.3,3.0,211.0,342.4,1.0,5.0,687155.0,342.07
10655.00,36228.21,0,8851170.0,12:38:43,342.1,3.0,433.0,342.05,2.0,179.0,342.0,9.0,852.0,341.95,2.0,211.0,341.9,11.0,1254.0,699592.0,342.15,1.0,197.0,342.2,2.0,150.0,342.25,3.0,203.0,342.3,3.0,211.0,342.4,1.0,5.0,687130.0,342.07
10654.95,36232.88,0,8851170.0,12:38:43,342.1,3.0,433.0,342.05,2.0,179.0,342.0,10.0,922.0,341.95,2.0,211.0,341.9,11.0,1254.0,699662.0,342.15,1.0,197.0,342.2,2.0,150.0,342.25,4.0,411.0,342.3,2.0,3.0,342.4,1.0,5.0,687130.0,342.07
10655.15,36230.39,0,8851825.0,12:38:46,342.3,1.0,147.0,342.25,3.0,354.0,342.2,1.0,99.0,342.15,4.0,249.0,342.1,3.0,375.0,700181.0,342.35,1.0,2.0,342.5,3.0,252.0,342.55,2.0,7.0,342.6,2.0,176.0,342.65,1.0,100.0,685536.0,342.07
10654.95,36230.39,0,8851825.0,12:38:46,342.3,1.0,147.0,342.25,3.0,354.0,342.2,1.0,99.0,342.15,4.0,249.0,342.1,3.0,375.0,700181.0,342.35,1.0,2.0,342.5,3.0,252.0,342.55,2.0,7.0,342.6,2.0,176.0,342.65,1.0,100.0,685536.0,342.07
10655.05,36234.55,0,8851877.0,12:38:47,342.3,2.0,347.0,342.25,2.0,101.0,342.2,2.0,104.0,342.15,4.0,349.0,342.1,6.0,970.0,701011.0,342.45,2.0,395.0,342.5,2.0,448.0,342.55,2.0,3.0,342.6,2.0,176.0,342.65,4.0,406.0,686432.0,342.07
10655.55,36230.75,0,8851977.0,12:38:48,342.3,2.0,346.0,342.25,2.0,101.0,342.2,2.0,104.0,342.15,4.0,323.0,342.1,6.0,970.0,700984.0,342.45,2.0,395.0,342.5,2.0,448.0,342.55,2.0,3.0,342.6,2.0,176.0,342.65,4.0,406.0,686432.0,342.07
10655.50,36235.03,0,8852527.0,12:38:50,342.3,2.0,246.0,342.25,3.0,102.0,342.2,2.0,104.0,342.15,4.0,323.0,342.1,7.0,1070.0,700885.0,342.45,2.0,395.0,342.5,3.0,394.0,342.55,1.0,2.0,342.6,4.0,248.0,342.65,5.0,426.0,686669.0,342.07
10656.30,36235.58,0,8852527.0,12:38:50,342.3,2.0,246.0,342.25,3.0,102.0,342.2,2.0,104.0,342.15,4.0,323.0,342.1,7.0,1070.0,700885.0,342.45,2.0,395.0,342.5,3.0,394.0,342.55,1.0,2.0,342.6,4.0,248.0,342.65,5.0,426.0,686669.0,342.07
10656.55,36235.64,0,8852552.0,12:38:52,342.3,2.0,349.0,342.25,3.0,102.0,342.2,2.0,104.0,342.15,4.0,323.0,342.1,8.0,2069.0,700988.0,342.45,2.0,395.0,342.5,3.0,394.0,342.55,2.0,38.0,342.6,3.0,212.0,342.65,5.0,426.0,686659.0,342.07
10656.55,36236.00,0,8852552.0,12:38:52,342.3,1.0,250.0,342.25,3.0,102.0,342.2,2.0,104.0,342.15,4.0,323.0,342.1,8.0,2069.0,700889.0,342.45,2.0,395.0,342.5,3.0,394.0,342.55,3.0,74.0,342.6,2.0,176.0,342.65,5.0,426.0,686646.0,342.07
10655.70,36233.05,0,8852552.0,12:38:52,342.25,4.0,352.0,342.2,2.0,104.0,342.15,4.0,323.0,342.1,9.0,2265.0,342.05,9.0,3487.0,700925.0,342.45,2.0,395.0,342.5,3.0,394.0,342.55,2.0,7.0,342.6,2.0,176.0,342.65,5.0,426.0,686547.0,342.07
10655.80,36235.51,0,8852552.0,12:38:52,342.25,4.0,352.0,342.2,2.0,104.0,342.15,4.0,323.0,342.1,9.0,2265.0,342.05,9.0,3487.0,700924.0,342.45,2.0,395.0,342.5,3.0,394.0,342.55,2.0,7.0,342.6,2.0,176.0,342.65,5.0,426.0,687278.0,342.07
10656.60,36238.20,0,8852612.0,12:38:58,342.25,5.0,452.0,342.2,1.0,99.0,342.15,6.0,409.0,342.1,8.0,2229.0,342.05,9.0,3487.0,701074.0,342.45,2.0,335.0,342.5,3.0,394.0,342.55,1.0,2.0,342.6,1.0,5.0,342.65,5.0,426.0,687042.0,342.07
10655.10,36237.07,0,8852612.0,12:38:58,342.3,1.0,99.0,342.25,4.0,352.0,342.2,1.0,99.0,342.15,6.0,409.0,342.1,8.0,2229.0,700949.0,342.45,2.0,335.0,342.5,3.0,394.0,342.55,1.0,2.0,342.6,1.0,5.0,342.65,5.0,426.0,684793.0,342.07
10655.65,36233.98,0,8852801.0,12:39:01,342.3,4.0,221.0,342.25,3.0,351.0,342.2,2.0,199.0,342.15,5.0,395.0,342.1,8.0,2169.0,701056.0,342.45,1.0,145.0,342.5,4.0,395.0,342.55,2.0,105.0,342.6,1.0,5.0,342.65,5.0,426.0,684707.0,342.07
10656.05,36233.98,0,8852958.0,12:39:01,342.3,5.0,393.0,342.25,3.0,137.0,342.2,3.0,201.0,342.15,6.0,499.0,342.1,6.0,2029.0,700980.0,342.5,2.0,184.0,342.55,3.0,106.0,342.6,1.0,5.0,342.65,3.0,156.0,342.7,8.0,2033.0,683603.0,342.07
10655.95,36234.40,0,8853271.0,12:39:03,342.45,3.0,182.0,342.4,5.0,694.0,342.35,4.0,377.0,342.3,6.0,820.0,342.25,4.0,609.0,702770.0,342.55,1.0,103.0,342.65,5.0,124.0,342.7,4.0,1586.0,342.75,5.0,557.0,342.8,2.0,220.0,684245.0,342.07
10655.95,36244.19,0,8853271.0,12:39:03,342.45,3.0,182.0,342.4,5.0,694.0,342.35,4.0,377.0,342.3,6.0,820.0,342.25,4.0,609.0,702770.0,342.55,1.0,103.0,342.65,5.0,124.0,342.7,4.0,1586.0,342.75,5.0,557.0,342.8,2.0,220.0,684245.0,342.07
10658.00,36244.19,0,8853276.0,12:39:04,342.45,4.0,232.0,342.4,5.0,596.0,342.35,3.0,375.0,342.3,9.0,2015.0,342.25,5.0,944.0,703062.0,342.65,6.0,227.0,342.7,4.0,1586.0,342.75,5.0,557.0,342.8,2.0,220.0,342.85,2.0,119.0,683442.0,342.07
10658.75,36244.51,0,8860472.0,12:39:06,342.7,1.0,120.0,342.65,1.0,1.0,342.6,3.0,201.0,342.55,5.0,985.0,342.5,3.0,530.0,703630.0,342.85,1.0,5.0,342.9,3.0,561.0,342.95,2.0,489.0,343.0,37.0,17167.0,343.05,1.0,300.0,674346.0,342.08
10659.05,36244.57,0,8861672.0,12:39:07,342.75,2.0,381.0,342.7,1.0,350.0,342.65,2.0,3.0,342.6,3.0,201.0,342.55,5.0,1023.0,704330.0,342.85,1.0,5.0,342.9,1.0,122.0,342.95,3.0,425.0,343.0,37.0,17331.0,343.05,4.0,573.0,677838.0,342.08
10659.25,36246.50,0,8862405.0,12:39:09,342.75,1.0,330.0,342.7,2.0,556.0,342.65,2.0,3.0,342.6,3.0,201.0,342.55,5.0,1193.0,704335.0,342.85,1.0,250.0,342.9,2.0,41.0,342.95,2.0,134.0,343.0,37.0,17331.0,343.05,5.0,924.0,677861.0,342.08
10659.20,36246.50,0,8862405.0,12:39:09,342.75,1.0,330.0,342.7,2.0,556.0,342.65,2.0,3.0,342.6,3.0,201.0,342.55,5.0,1193.0,704235.0,342.85,1.0,250.0,342.9,2.0,41.0,342.95,2.0,134.0,343.0,37.0,17331.0,343.05,5.0,924.0,677861.0,342.08
10658.30,36247.05,0,8862405.0,12:39:09,342.75,1.0,330.0,342.7,2.0,556.0,342.65,2.0,3.0,342.6,3.0,201.0,342.55,5.0,1193.0,704235.0,342.85,2.0,348.0,342.9,2.0,41.0,342.95,2.0,134.0,343.0,39.0,19031.0,343.05,5.0,924.0,678169.0,342.08
10657.25,36246.18,0,8862465.0,12:39:12,342.75,1.0,330.0,342.7,2.0,556.0,342.65,2.0,3.0,342.6,3.0,201.0,342.55,5.0,1193.0,704335.0,342.85,3.0,616.0,342.9,3.0,77.0,342.95,1.0,98.0,343.0,39.0,19031.0,343.05,5.0,924.0,678437.0,342.08
10657.00,36246.79,0,8862465.0,12:39:12,342.75,1.0,330.0,342.7,2.0,556.0,342.65,2.0,3.0,342.6,3.0,201.0,342.55,4.0,1093.0,703330.0,342.8,2.0,134.0,342.85,4.0,652.0,342.9,1.0,5.0,342.95,2.0,287.0,343.0,39.0,19031.0,678724.0,342.08
10655.90,36241.05,0,8862850.0,12:39:14,342.35,1.0,2.0,342.3,5.0,164.0,342.25,2.0,7.0,342.2,5.0,1095.0,342.15,6.0,780.0,699887.0,342.55,5.0,493.0,342.6,2.0,391.0,342.65,2.0,130.0,342.7,1.0,365.0,342.75,5.0,730.0,679981.0,342.08
10655.45,36241.27,0,8862850.0,12:39:14,342.35,1.0,2.0,342.3,5.0,164.0,342.25,2.0,7.0,342.2,5.0,1095.0,342.15,6.0,780.0,699887.0,342.55,5.0,493.0,342.6,2.0,391.0,342.65,2.0,130.0,342.7,1.0,365.0,342.75,5.0,730.0,679981.0,342.08
10655.45,36242.70,0,8863061.0,12:39:16,342.3,2.0,3.0,342.25,3.0,9.0,342.2,6.0,1105.0,342.15,6.0,780.0,342.1,5.0,1016.0,699883.0,342.5,5.0,451.0,342.55,2.0,428.0,342.6,2.0,161.0,342.65,1.0,5.0,342.7,1.0,365.0,681690.0,342.08
10653.75,36236.67,0,8863061.0,12:39:16,342.35,1.0,2.0,342.3,3.0,349.0,342.25,3.0,202.0,342.2,5.0,522.0,342.15,8.0,920.0,700429.0,342.5,3.0,174.0,342.55,2.0,428.0,342.6,2.0,128.0,342.65,1.0,5.0,342.7,1.0,365.0,681380.0,342.08
10653.60,36234.56,0,8863161.0,12:39:18,342.35,1.0,2.0,342.3,3.0,349.0,342.25,3.0,202.0,342.2,5.0,522.0,342.15,8.0,920.0,700481.0,342.5,2.0,74.0,342.55,2.0,428.0,342.6,2.0,128.0,342.65,1.0,5.0,342.7,4.0,802.0,681280.0,342.08
10653.50,36232.86,0,8863319.0,12:39:21,342.35,1.0,2.0,342.3,3.0,349.0,342.25,3.0,202.0,342.2,5.0,522.0,342.15,6.0,780.0,701131.0,342.45,1.0,170.0,342.5,1.0,36.0,342.55,1.0,100.0,342.6,2.0,128.0,342.65,1.0,5.0,678493.0,342.08
10653.70,36232.86,0,8863319.0,12:39:21,342.35,1.0,2.0,342.3,3.0,349.0,342.25,3.0,202.0,342.2,5.0,522.0,342.15,6.0,780.0,701302.0,342.45,1.0,170.0,342.5,1.0,36.0,342.55,1.0,100.0,342.6,2.0,128.0,342.65,1.0,5.0,678513.0,342.08
10653.75,36236.58,0,8863881.0,12:39:23,342.35,2.0,200.0,342.3,3.0,349.0,342.25,3.0,202.0,342.2,5.0,522.0,342.15,9.0,1120.0,701500.0,342.45,1.0,328.0,342.5,1.0,36.0,342.55,1.0,100.0,342.6,1.0,100.0,342.65,1.0,5.0,678743.0,342.08
10653.70,36235.99,0,8863881.0,12:39:23,342.35,2.0,200.0,342.3,3.0,349.0,342.25,3.0,202.0,342.2,5.0,522.0,342.15,9.0,1120.0,701500.0,342.45,1.0,328.0,342.5,1.0,36.0,342.55,1.0,100.0,342.6,1.0,100.0,342.65,1.0,5.0,678743.0,342.08
10654.50,36237.08,0,8863881.0,12:39:23,342.35,2.0,200.0,342.3,3.0,349.0,342.25,3.0,202.0,342.2,7.0,762.0,342.15,9.0,1120.0,702918.0,342.45,1.0,328.0,342.5,1.0,36.0,342.55,1.0,100.0,342.6,1.0,100.0,342.65,1.0,5.0,678768.0,342.08
10655.10,36235.44,0,8863881.0,12:39:23,342.35,2.0,200.0,342.3,3.0,349.0,342.25,3.0,202.0,342.2,7.0,762.0,342.15,9.0,1120.0,702918.0,342.45,1.0,328.0,342.5,1.0,36.0,342.55,1.0,100.0,342.6,1.0,100.0,342.65,1.0,5.0,678968.0,342.08
10654.75,36238.65,0,8863891.0,12:39:27,342.35,3.0,201.0,342.3,2.0,348.0,342.25,4.0,238.0,342.2,6.0,662.0,342.15,8.0,1080.0,702785.0,342.45,1.0,318.0,342.55,1.0,100.0,342.6,2.0,136.0,342.65,1.0,5.0,342.7,5.0,1022.0,678901.0,342.08
10654.40,36237.25,0,8864209.0,12:39:29,342.4,2.0,1001.0,342.35,5.0,454.0,342.3,3.0,384.0,342.25,2.0,234.0,342.2,5.0,626.0,704035.0,342.45,1.0,328.0,342.55,1.0,100.0,342.6,1.0,100.0,342.65,1.0,5.0,342.7,5.0,1022.0,679169.0,342.08
10654.75,36235.98,0,8864259.0,12:39:30,342.4,2.0,1001.0,342.35,5.0,454.0,342.3,3.0,384.0,342.25,2.0,234.0,342.2,5.0,626.0,704035.0,342.45,1.0,278.0,342.55,1.0,100.0,342.6,1.0,100.0,342.65,2.0,41.0,342.7,5.0,1022.0,679155.0,342.08
10655.05,36236.14,0,8864409.0,12:39:30,342.4,2.0,1022.0,342.35,5.0,453.0,342.3,3.0,236.0,342.25,2.0,234.0,342.2,5.0,626.0,703907.0,342.45,1.0,128.0,342.5,1.0,50.0,342.55,1.0,100.0,342.6,1.0,100.0,342.65,2.0,41.0,678845.0,342.08
10655.05,36234.31,0,8864409.0,12:39:30,342.4,2.0,1022.0,342.35,6.0,489.0,342.3,3.0,236.0,342.25,4.0,818.0,342.2,6.0,826.0,703907.0,342.45,1.0,128.0,342.5,1.0,50.0,342.55,1.0,100.0,342.6,1.0,100.0,342.65,1.0,5.0,679019.0,342.08
10655.20,36236.78,0,8864409.0,12:39:30,342.4,2.0,1022.0,342.35,7.0,525.0,342.3,2.0,200.0,342.25,4.0,818.0,342.2,6.0,826.0,704674.0,342.45,1.0,128.0,342.5,1.0,50.0,342.55,1.0,100.0,342.6,1.0,100.0,342.65,1.0,5.0,679019.0,342.08
10655.55,36236.62,0,8866177.0,12:39:34,342.4,4.0,1238.0,342.35,7.0,662.0,342.3,3.0,400.0,342.25,4.0,818.0,342.2,5.0,626.0,705267.0,342.45,1.0,277.0,342.5,1.0,50.0,342.55,1.0,100.0,342.6,1.0,100.0,342.7,1.0,1.0,677962.0,342.08
10656.25,36236.64,0,8866182.0,12:39:35,342.4,5.0,1269.0,342.35,6.0,626.0,342.3,3.0,400.0,342.25,4.0,818.0,342.2,5.0,626.0,705262.0,342.45,1.0,277.0,342.5,1.0,50.0,342.55,1.0,100.0,342.6,1.0,100.0,342.7,1.0,1.0,677962.0,342.08
10656.15,36236.09,0,8866182.0,12:39:35,342.4,5.0,1269.0,342.35,5.0,453.0,342.3,3.0,400.0,342.25,4.0,818.0,342.2,5.0,626.0,705089.0,342.45,1.0,277.0,342.5,1.0,50.0,342.55,1.0,100.0,342.6,2.0,150.0,342.7,1.0,1.0,678222.0,342.08
10656.20,36236.04,0,8866182.0,12:39:35,342.4,5.0,1269.0,342.35,5.0,453.0,342.3,3.0,400.0,342.25,4.0,818.0,342.2,5.0,626.0,705139.0,342.45,1.0,277.0,342.5,1.0,50.0,342.55,1.0,100.0,342.6,2.0,150.0,342.7,1.0,1.0,678322.0,342.08
10655.95,36235.22,0,8866182.0,12:39:35,342.4,4.0,1233.0,342.35,5.0,453.0,342.3,4.0,436.0,342.25,4.0,818.0,342.2,5.0,626.0,705139.0,342.45,1.0,277.0,342.5,1.0,50.0,342.55,1.0,100.0,342.6,2.0,150.0,342.7,1.0,1.0,678422.0,342.08
10656.65,36240.63,0,8866237.0,12:39:40,342.4,4.0,1178.0,342.35,5.0,453.0,342.3,4.0,436.0,342.25,4.0,818.0,342.2,5.0,626.0,704885.0,342.45,1.0,277.0,342.5,1.0,50.0,342.55,1.0,100.0,342.6,2.0,150.0,342.7,1.0,1.0,678422.0,342.08
10656.65,36240.40,0,8866394.0,12:39:41,342.4,5.0,1179.0,342.35,4.0,290.0,342.3,3.0,400.0,342.25,4.0,818.0,342.2,5.0,626.0,704587.0,342.45,1.0,120.0,342.5,1.0,50.0,342.55,1.0,100.0,342.6,2.0,150.0,342.7,1.0,1.0,678265.0,342.08
10657.35,36239.54,0,8866494.0,12:39:42,342.4,6.0,1215.0,342.35,3.0,254.0,342.3,3.0,400.0,342.25,4.0,818.0,342.2,7.0,766.0,704587.0,342.45,1.0,20.0,342.5,1.0,50.0,342.55,1.0,100.0,342.6,2.0,150.0,342.7,1.0,1.0,678165.0,342.08
10657.80,36239.54,0,8866494.0,12:39:42,342.4,7.0,1585.0,342.35,3.0,254.0,342.3,3.0,400.0,342.25,4.0,818.0,342.2,7.0,766.0,704957.0,342.45,1.0,20.0,342.5,1.0,50.0,342.55,1.0,100.0,342.6,2.0,150.0,342.7,1.0,1.0,678140.0,342.08
10657.55,36240.67,0,8866494.0,12:39:42,342.4,7.0,1585.0,342.35,3.0,254.0,342.3,3.0,400.0,342.25,4.0,818.0,342.2,7.0,766.0,704994.0,342.45,1.0,20.0,342.5,1.0,50.0,342.55,1.0,100.0,342.6,2.0,150.0,342.7,1.0,1.0,678140.0,342.08
10659.00,36245.40,0,8866862.0,12:39:47,342.6,1.0,19.0,342.55,1.0,5.0,342.5,4.0,224.0,342.45,2.0,101.0,342.4,5.0,1936.0,705048.0,342.75,5.0,489.0,342.8,3.0,136.0,342.85,3.0,26.0,342.9,1.0,264.0,342.95,3.0,426.0,677328.0,342.08
10659.05,36246.42,0,8866862.0,12:39:47,342.55,1.0,1.0,342.5,3.0,9.0,342.45,4.0,173.0,342.4,4.0,1900.0,342.35,2.0,284.0,704782.0,342.75,5.0,399.0,342.8,2.0,100.0,342.85,4.0,62.0,342.9,1.0,264.0,342.95,2.0,389.0,676340.0,342.08
10658.80,36245.71,0,8866862.0,12:39:47,342.5,4.0,10.0,342.45,5.0,1093.0,342.4,3.0,980.0,342.35,2.0,384.0,342.3,8.0,1936.0,705513.0,342.7,1.0,188.0,342.75,5.0,399.0,342.8,2.0,100.0,342.85,4.0,62.0,342.9,2.0,484.0,676900.0,342.08
10659.20,36243.75,0,8866862.0,12:39:47,342.5,4.0,10.0,342.45,6.0,1193.0,342.4,3.0,980.0,342.35,2.0,384.0,342.3,8.0,1936.0,706396.0,342.7,2.0,288.0,342.75,5.0,399.0,342.8,2.0,100.0,342.85,4.0,62.0,342.9,2.0,484.0,677010.0,342.08
10659.20,36244.28,0,8866862.0,12:39:47,342.5,3.0,8.0,342.45,6.0,1096.0,342.4,3.0,980.0,342.35,2.0,384.0,342.3,8.0,1936.0,706397.0,342.65,1.0,188.0,342.7,3.0,289.0,342.75,4.0,398.0,342.8,2.0,100.0,342.85,4.0,62.0,677198.0,342.08
10658.60,36247.07,0,8868862.0,12:39:51,342.6,2.0,199.0,342.55,5.0,1297.0,342.5,5.0,1007.0,342.45,5.0,1158.0,342.4,4.0,1020.0,705592.0,342.85,3.0,704.0,342.9,2.0,565.0,342.95,4.0,747.0,343.0,41.0,16682.0,343.05,1.0,300.0,678511.0,342.08
10659.65,36248.70,0,8868862.0,12:39:51,342.6,2.0,199.0,342.55,6.0,1333.0,342.5,4.0,971.0,342.45,5.0,1158.0,342.4,4.0,1020.0,705852.0,342.85,3.0,704.0,342.9,2.0,565.0,342.95,4.0,747.0,343.0,41.0,16682.0,343.05,1.0,300.0,679297.0,342.08
10660.00,36248.70,0,8868862.0,12:39:51,342.6,2.0,199.0,342.55,6.0,1333.0,342.5,4.0,971.0,342.45,5.0,1158.0,342.4,4.0,1020.0,706152.0,342.85,3.0,704.0,342.9,2.0,565.0,342.95,4.0,747.0,343.0,41.0,16682.0,343.05,1.0,300.0,679125.0,342.08
10659.30,36247.56,0,8869163.0,12:39:57,342.75,1.0,197.0,342.7,3.0,348.0,342.65,2.0,200.0,342.6,3.0,236.0,342.55,7.0,1760.0,706040.0,342.9,3.0,334.0,342.95,3.0,580.0,343.0,38.0,16433.0,343.05,1.0,300.0,343.1,3.0,170.0,676182.0,342.08
10660.50,36248.74,0,8869163.0,12:39:57,342.75,1.0,197.0,342.7,3.0,348.0,342.65,2.0,200.0,342.6,3.0,236.0,342.55,7.0,1760.0,706040.0,342.9,3.0,334.0,342.95,3.0,580.0,343.0,38.0,16433.0,343.05,1.0,300.0,343.1,3.0,170.0,676182.0,342.08
10660.00,36250.12,0,8869169.0,12:39:58,342.75,2.0,198.0,342.7,3.0,348.0,342.65,2.0,200.0,342.6,4.0,272.0,342.55,6.0,1724.0,706991.0,342.9,2.0,329.0,342.95,2.0,544.0,343.0,38.0,16433.0,343.05,2.0,336.0,343.1,3.0,170.0,676177.0,342.08
10660.60,36249.92,0,8869169.0,12:39:58,342.75,2.0,198.0,342.7,3.0,348.0,342.65,3.0,236.0,342.6,3.0,236.0,342.55,5.0,904.0,706171.0,342.85,1.0,5.0,342.9,2.0,329.0,342.95,2.0,544.0,343.0,37.0,16308.0,343.05,2.0,336.0,676057.0,342.08
10660.65,36249.71,0,8869169.0,12:39:58,342.75,2.0,198.0,342.7,3.0,348.0,342.65,2.0,200.0,342.6,3.0,236.0,342.55,6.0,1124.0,706165.0,342.85,1.0,5.0,342.9,2.0,329.0,342.95,4.0,679.0,343.0,37.0,16308.0,343.05,1.0,300.0,676156.0,342.08
10660.25,36249.87,0,8870018.0,12:40:02,342.75,1.0,21.0,342.7,1.0,149.0,342.65,3.0,5.0,342.6,4.0,272.0,342.55,5.0,1772.0,707180.0,342.8,2.0,28.0,342.85,1.0,328.0,342.95,2.0,122.0,343.0,39.0,16661.0,343.05,1.0,300.0,675878.0,342.08
10658.25,36249.80,0,8871028.0,12:40:04,342.65,1.0,1.0,342.6,1.0,198.0,342.55,11.0,1954.0,342.5,6.0,1048.0,342.45,4.0,1326.0,706942.0,342.85,2.0,378.0,342.95,4.0,350.0,343.0,37.0,16425.0,343.05,2.0,336.0,343.1,4.0,370.0,677433.0,342.08
10658.60,36247.63,0,8871028.0,12:40:04,342.65,1.0,1.0,342.6,1.0,198.0,342.55,11.0,1954.0,342.5,6.0,1048.0,342.45,4.0,1326.0,706942.0,342.85,2.0,378.0,342.95,4.0,350.0,343.0,38.0,16461.0,343.05,1.0,300.0,343.1,4.0,370.0,677433.0,342.08
10657.95,36248.45,0,8871093.0,12:40:05,342.65,1.0,1.0,342.6,1.0,198.0,342.55,9.0,1814.0,342.5,6.0,1048.0,342.45,5.0,1366.0,707042.0,342.85,2.0,313.0,342.95,6.0,391.0,343.0,37.0,16425.0,343.05,1.0,300.0,343.1,4.0,370.0,677373.0,342.08
10657.65,36247.90,0,8872015.0,12:40:08,342.6,1.0,4.0,342.55,4.0,226.0,342.5,7.0,1050.0,342.45,3.0,1226.0,342.4,5.0,1455.0,705448.0,342.75,5.0,471.0,342.8,4.0,700.0,342.85,1.0,58.0,342.9,3.0,802.0,342.95,4.0,294.0,678972.0,342.08
10657.30,36248.91,0,8872225.0,12:40:08,342.6,1.0,4.0,342.55,4.0,226.0,342.5,7.0,1050.0,342.45,3.0,1226.0,342.4,4.0,1055.0,705048.0,342.75,2.0,259.0,342.8,4.0,571.0,342.85,1.0,58.0,342.9,3.0,802.0,342.95,4.0,294.0,678412.0,342.08
10657.50,36245.32,0,8872305.0,12:40:09,342.6,1.0,4.0,342.55,4.0,226.0,342.5,7.0,1050.0,342.45,3.0,1226.0,342.4,5.0,1095.0,705048.0,342.75,2.0,278.0,342.8,4.0,571.0,342.85,2.0,94.0,342.9,3.0,802.0,342.95,4.0,294.0,678467.0,342.08
10656.70,36245.01,0,8872305.0,12:40:09,342.6,1.0,4.0,342.55,4.0,226.0,342.5,7.0,1050.0,342.45,3.0,1226.0,342.4,4.0,1055.0,705552.0,342.75,4.0,480.0,342.8,4.0,605.0,342.85,2.0,59.0,342.9,3.0,802.0,342.95,4.0,294.0,678868.0,342.08
10656.65,36244.03,0,8874325.0,12:40:12,342.6,1.0,5.0,342.55,4.0,226.0,342.5,8.0,2050.0,342.45,3.0,1226.0,342.4,4.0,1055.0,706245.0,342.75,3.0,657.0,342.8,4.0,764.0,342.85,2.0,299.0,342.9,1.0,36.0,342.95,5.0,315.0,678790.0,342.08
10655.75,36243.44,0,8874325.0,12:40:12,342.6,1.0,5.0,342.55,4.0,226.0,342.5,8.0,2050.0,342.45,3.0,1226.0,342.4,4.0,1055.0,705439.0,342.75,3.0,657.0,342.8,4.0,764.0,342.85,2.0,299.0,342.9,1.0,36.0,342.95,5.0,315.0,678790.0,342.08
10655.75,36238.03,0,8874325.0,12:40:12,342.6,1.0,5.0,342.55,4.0,226.0,342.5,8.0,2050.0,342.45,3.0,1226.0,342.4,4.0,1055.0,705439.0,342.75,3.0,657.0,342.8,4.0,764.0,342.85,2.0,299.0,342.9,1.0,36.0,342.95,5.0,315.0,678790.0,342.08
10654.30,36236.20,0,8876686.0,12:40:14,342.3,1.0,250.0,342.25,2.0,152.0,342.2,4.0,341.0,342.15,4.0,98.0,342.1,3.0,578.0,701785.0,342.4,1.0,429.0,342.45,3.0,201.0,342.5,2.0,7.0,342.55,1.0,100.0,342.6,1.0,36.0,680587.0,342.08
10654.35,36235.43,0,8876686.0,12:40:14,342.3,1.0,250.0,342.25,2.0,152.0,342.2,4.0,341.0,342.15,4.0,98.0,342.1,4.0,590.0,701797.0,342.4,1.0,429.0,342.45,3.0,201.0,342.5,2.0,7.0,342.55,1.0,100.0,342.6,1.0,36.0,680587.0,342.08
10653.40,36235.43,0,8877782.0,12:40:18,342.3,1.0,154.0,342.25,2.0,38.0,342.2,4.0,214.0,342.15,3.0,62.0,342.1,6.0,1010.0,701657.0,342.4,1.0,222.0,342.45,3.0,201.0,342.5,2.0,127.0,342.55,1.0,100.0,342.65,4.0,881.0,679834.0,342.08
10654.10,36237.01,0,8877846.0,12:40:19,342.3,1.0,94.0,342.25,2.0,38.0,342.2,4.0,214.0,342.15,3.0,62.0,342.1,5.0,910.0,701597.0,342.4,1.0,218.0,342.45,3.0,201.0,342.5,2.0,127.0,342.55,1.0,100.0,342.65,4.0,881.0,679830.0,342.08
10654.60,36236.51,0,8877846.0,12:40:19,342.3,1.0,94.0,342.25,1.0,36.0,342.2,5.0,216.0,342.15,3.0,62.0,342.1,5.0,910.0,701597.0,342.35,1.0,27.0,342.4,2.0,220.0,342.45,2.0,199.0,342.5,2.0,127.0,342.55,1.0,100.0,679757.0,342.08
10654.60,36235.91,0,8878003.0,12:40:21,342.3,1.0,94.0,342.25,2.0,38.0,342.2,5.0,216.0,342.15,2.0,60.0,342.1,5.0,910.0,701697.0,342.35,1.0,88.0,342.45,3.0,201.0,342.5,2.0,127.0,342.55,1.0,100.0,342.65,3.0,781.0,679600.0,342.08
10655.00,36236.09,0,8878305.0,12:40:22,342.4,1.0,698.0,342.35,3.0,40.0,342.3,2.0,96.0,342.25,1.0,5.0,342.2,6.0,562.0,702231.0,342.5,1.0,125.0,342.55,1.0,100.0,342.6,3.0,9.0,342.65,3.0,781.0,342.75,3.0,368.0,680603.0,342.08
10655.60,36233.41,0,8878358.0,12:40:23,342.4,2.0,788.0,342.35,3.0,9.0,342.3,2.0,96.0,342.25,1.0,36.0,342.2,8.0,982.0,702035.0,342.5,1.0,28.0,342.55,1.0,100.0,342.6,2.0,4.0,342.65,4.0,817.0,342.7,1.0,50.0,680592.0,342.08
10655.75,36233.41,0,8878363.0,12:40:24,342.4,4.0,874.0,342.35,3.0,9.0,342.3,2.0,96.0,342.25,2.0,86.0,342.2,8.0,982.0,702171.0,342.5,1.0,23.0,342.55,1.0,100.0,342.6,2.0,4.0,342.65,3.0,781.0,342.7,1.0,50.0,679846.0,342.08
10655.30,36234.44,0,8878363.0,12:40:24,342.4,2.0,745.0,342.35,4.0,45.0,342.3,2.0,96.0,342.25,2.0,86.0,342.2,8.0,982.0,702196.0,342.5,1.0,23.0,342.55,1.0,100.0,342.6,2.0,4.0,342.65,3.0,781.0,342.7,1.0,50.0,679871.0,342.08
10655.65,36232.90,0,8878463.0,12:40:26,342.4,2.0,745.0,342.35,5.0,230.0,342.3,2.0,130.0,342.25,4.0,226.0,342.2,6.0,842.0,702196.0,342.6,2.0,4.0,342.65,4.0,880.0,342.7,2.0,86.0,342.75,6.0,758.0,342.8,4.0,1062.0,681341.0,342.08
10657.35,36237.29,0,8878463.0,12:40:26,342.5,4.0,375.0,342.45,3.0,6.0,342.4,5.0,841.0,342.35,1.0,210.0,342.3,4.0,1123.0,704762.0,342.6,1.0,27.0,342.65,1.0,99.0,342.7,2.0,4.0,342.75,6.0,608.0,342.8,1.0,320.0,680065.0,342.08
10657.15,36237.62,0,8878490.0,12:40:29,342.55,3.0,265.0,342.5,4.0,505.0,342.45,4.0,438.0,342.4,9.0,1625.0,342.35,3.0,439.0,705723.0,342.7,1.0,99.0,342.75,6.0,535.0,342.8,1.0,320.0,342.85,1.0,2.0,342.9,2.0,55.0,679490.0,342.08
10657.00,36236.64,0,8878526.0,12:40:30,342.6,4.0,266.0,342.55,3.0,292.0,342.5,4.0,725.0,342.45,2.0,400.0,342.4,10.0,1665.0,706070.0,342.7,1.0,63.0,342.75,2.0,51.0,342.8,2.0,322.0,342.85,1.0,2.0,342.9,2.0,55.0,678850.0,342.08
10657.70,36236.70,0,8878526.0,12:40:30,342.6,3.0,36.0,342.55,4.0,294.0,342.5,5.0,745.0,342.45,2.0,400.0,342.4,11.0,1685.0,706422.0,342.7,1.0,63.0,342.75,3.0,53.0,342.8,1.0,320.0,342.85,1.0,2.0,342.9,2.0,55.0,678950.0,342.08
10658.20,36237.23,0,8878526.0,12:40:30,342.6,1.0,22.0,342.55,4.0,260.0,342.5,4.0,728.0,342.45,3.0,409.0,342.4,10.0,1645.0,705762.0,342.75,5.0,374.0,342.8,2.0,383.0,342.85,1.0,2.0,342.9,7.0,698.0,342.95,4.0,421.0,681414.0,342.08
10657.65,36235.26,0,8878767.0,12:40:34,342.5,5.0,522.0,342.45,1.0,2.0,342.4,6.0,834.0,342.35,5.0,750.0,342.3,6.0,1465.0,705975.0,342.6,1.0,47.0,342.75,6.0,376.0,342.8,2.0,383.0,342.85,2.0,203.0,342.9,7.0,893.0,679729.0,342.08
10657.15,36233.21,0,8878767.0,12:40:34,342.5,5.0,522.0,342.45,1.0,2.0,342.4,6.0,834.0,342.35,5.0,750.0,342.3,6.0,1465.0,707676.0,342.6,1.0,47.0,342.75,6.0,376.0,342.8,2.0,383.0,342.85,2.0,203.0,342.9,7.0,893.0,679729.0,342.08
10657.10,36233.67,0,8878783.0,12:40:36,342.5,4.0,554.0,342.45,2.0,4.0,342.4,5.0,825.0,342.35,7.0,1193.0,342.3,5.0,1245.0,707912.0,342.55,1.0,12.0,342.6,1.0,47.0,342.7,1.0,2.0,342.75,5.0,374.0,342.8,2.0,383.0,679740.0,342.08
10656.45,36235.50,0,8878808.0,12:40:38,342.55,1.0,5.0,342.5,3.0,520.0,342.45,2.0,4.0,342.4,6.0,861.0,342.35,6.0,970.0,707687.0,342.6,1.0,34.0,342.7,2.0,73.0,342.75,4.0,303.0,342.8,2.0,383.0,342.85,2.0,172.0,679665.0,342.08
10656.65,36236.06,0,8878863.0,12:40:39,342.5,3.0,520.0,342.45,2.0,4.0,342.4,5.0,825.0,342.35,5.0,866.0,342.3,7.0,1385.0,708020.0,342.6,2.0,160.0,342.65,1.0,71.0,342.7,2.0,121.0,342.75,3.0,53.0,342.8,3.0,419.0,679696.0,342.08
10657.40,36236.88,0,8878863.0,12:40:39,342.55,1.0,5.0,342.5,4.0,556.0,342.45,2.0,4.0,342.4,5.0,825.0,342.35,6.0,966.0,708051.0,342.6,1.0,6.0,342.7,1.0,119.0,342.75,5.0,126.0,342.8,2.0,383.0,342.85,2.0,172.0,679506.0,342.08
10656.65,36235.51,0,8879119.0,12:40:42,342.65,1.0,10.0,342.6,1.0,36.0,342.55,3.0,9.0,342.5,6.0,1066.0,342.45,4.0,820.0,708745.0,342.75,1.0,328.0,342.8,3.0,186.0,342.85,3.0,78.0,342.9,6.0,693.0,342.95,2.0,15.0,679618.0,342.08
10657.45,36234.19,0,8879119.0,12:40:42,342.65,1.0,10.0,342.6,1.0,36.0,342.55,3.0,9.0,342.5,6.0,1066.0,342.45,4.0,820.0,708745.0,342.75,1.0,328.0,342.8,3.0,186.0,342.85,3.0,78.0,342.9,6.0,693.0,342.95,2.0,15.0,679618.0,342.08
10657.65,36236.94,0,8879146.0,12:40:42,342.65,1.0,15.0,342.6,2.0,72.0,342.55,3.0,9.0,342.5,7.0,2040.0,342.45,4.0,820.0,708750.0,342.75,1.0,328.0,342.8,3.0,186.0,342.85,2.0,73.0,342.9,5.0,657.0,342.95,2.0,15.0,679285.0,342.08
10658.20,36236.94,0,8879174.0,12:40:45,342.65,1.0,3.0,342.6,2.0,72.0,342.55,3.0,9.0,342.5,7.0,2040.0,342.45,4.0,820.0,708738.0,342.75,1.0,328.0,342.8,2.0,123.0,342.85,2.0,65.0,342.9,6.0,728.0,342.95,2.0,15.0,679335.0,342.08
10656.95,36236.68,0,8879272.0,12:40:46,342.7,1.0,100.0,342.6,1.0,36.0,342.55,3.0,9.0,342.5,7.0,2040.0,342.45,5.0,920.0,708799.0,342.75,1.0,230.0,342.8,2.0,123.0,342.85,3.0,101.0,342.9,5.0,657.0,342.95,2.0,15.0,680727.0,342.08
10656.65,36237.99,0,8879272.0,12:40:46,342.7,1.0,100.0,342.6,1.0,36.0,342.55,3.0,9.0,342.5,7.0,2040.0,342.45,5.0,920.0,708620.0,342.75,1.0,230.0,342.8,3.0,159.0,342.85,2.0,65.0,342.9,5.0,657.0,342.95,2.0,15.0,680727.0,342.08
10657.15,36237.22,0,8881423.0,12:40:49,342.5,8.0,1879.0,342.45,4.0,820.0,342.4,6.0,1115.0,342.35,2.0,310.0,342.3,5.0,1091.0,708311.0,342.7,3.0,753.0,342.75,2.0,330.0,342.8,3.0,42.0,342.85,4.0,106.0,342.9,6.0,857.0,681507.0,342.08
10656.85,36237.17,0,8881423.0,12:40:49,342.5,9.0,1884.0,342.45,4.0,820.0,342.4,6.0,1115.0,342.35,3.0,346.0,342.3,5.0,1091.0,709196.0,342.7,3.0,753.0,342.75,2.0,330.0,342.8,3.0,42.0,342.85,4.0,106.0,342.9,6.0,857.0,681507.0,342.08
10656.75,36237.52,0,8881423.0,12:40:49,342.5,9.0,1884.0,342.45,4.0,820.0,342.4,6.0,1115.0,342.35,3.0,346.0,342.3,5.0,1091.0,709196.0,342.7,3.0,753.0,342.75,2.0,330.0,342.8,3.0,42.0,342.85,4.0,106.0,342.9,6.0,857.0,681507.0,342.08
10656.15,36238.73,0,8881423.0,12:40:49,342.5,9.0,1884.0,342.45,4.0,820.0,342.4,8.0,1187.0,342.35,3.0,532.0,342.3,5.0,1091.0,709454.0,342.7,3.0,726.0,342.8,3.0,8.0,342.85,4.0,106.0,342.9,7.0,893.0,342.95,6.0,778.0,681152.0,342.08
10656.15,36241.03,0,8881423.0,12:40:49,342.55,3.0,45.0,342.5,9.0,1916.0,342.45,4.0,820.0,342.4,6.0,1115.0,342.35,3.0,532.0,708610.0,342.7,1.0,328.0,342.8,2.0,4.0,342.85,4.0,74.0,342.9,6.0,857.0,342.95,2.0,15.0,680617.0,342.08
10656.15,36241.03,0,8881423.0,12:40:49,342.55,3.0,45.0,342.5,9.0,1916.0,342.45,4.0,820.0,342.4,6.0,1115.0,342.35,3.0,532.0,708610.0,342.7,1.0,328.0,342.8,2.0,4.0,342.85,4.0,74.0,342.9,6.0,857.0,342.95,3.0,215.0,680617.0,342.08
10656.15,36240.73,0,8881423.0,12:40:49,342.55,3.0,45.0,342.5,9.0,1916.0,342.45,4.0,820.0,342.4,6.0,1115.0,342.35,3.0,532.0,708610.0,342.7,1.0,328.0,342.8,2.0,4.0,342.85,4.0,74.0,342.9,6.0,857.0,342.95,3.0,215.0,680682.0,342.08
10656.15,36239.81,0,8881423.0,12:40:49,342.55,3.0,45.0,342.5,9.0,1881.0,342.45,4.0,820.0,342.4,7.0,1151.0,342.35,3.0,532.0,708611.0,342.65,1.0,27.0,342.7,1.0,328.0,342.8,2.0,4.0,342.85,4.0,74.0,342.9,6.0,857.0,680709.0,342.08
10657.35,36242.67,0,8881450.0,12:40:57,342.55,2.0,23.0,342.5,9.0,1881.0,342.45,4.0,820.0,342.4,7.0,1151.0,342.35,2.0,432.0,708589.0,342.65,1.0,328.0,342.75,2.0,6.0,342.8,1.0,2.0,342.85,3.0,70.0,342.9,6.0,857.0,680727.0,342.08
10657.10,36240.57,0,8881450.0,12:40:57,342.6,2.0,85.0,342.55,1.0,18.0,342.5,9.0,1881.0,342.45,4.0,820.0,342.4,7.0,1151.0,709113.0,342.65,1.0,328.0,342.7,2.0,202.0,342.75,1.0,4.0,342.8,1.0,2.0,342.85,3.0,70.0,680927.0,342.08
10657.05,36243.73,0,8881614.0,12:41:01,342.6,3.0,99.0,342.55,1.0,18.0,342.5,9.0,1881.0,342.45,4.0,820.0,342.4,7.0,1151.0,709227.0,342.65,1.0,171.0,342.7,2.0,202.0,342.75,2.0,159.0,342.8,1.0,2.0,342.85,2.0,7.0,681772.0,342.08
10657.20,36242.26,0,8881614.0,12:41:01,342.6,3.0,99.0,342.55,1.0,36.0,342.5,9.0,1881.0,342.45,4.0,820.0,342.4,7.0,1151.0,709245.0,342.65,2.0,176.0,342.7,2.0,202.0,342.75,2.0,159.0,342.8,1.0,2.0,342.85,2.0,7.0,681777.0,342.08
10657.25,36244.08,0,8881759.0,12:41:03,342.6,1.0,21.0,342.55,1.0,36.0,342.5,9.0,1881.0,342.45,4.0,820.0,342.4,7.0,1151.0,709167.0,342.65,2.0,166.0,342.7,2.0,202.0,342.75,2.0,159.0,342.8,1.0,2.0,342.85,2.0,7.0,681767.0,342.08
10657.45,36245.58,0,8881759.0,12:41:03,342.6,1.0,21.0,342.55,1.0,36.0,342.5,9.0,1881.0,342.45,4.0,820.0,342.4,7.0,1151.0,709167.0,342.65,2.0,166.0,342.7,2.0,202.0,342.75,2.0,159.0,342.8,1.0,2.0,342.85,2.0,7.0,681767.0,342.08
10657.65,36245.58,0,8881769.0,12:41:05,342.6,1.0,21.0,342.55,1.0,36.0,342.5,9.0,1881.0,342.45,4.0,820.0,342.4,7.0,1151.0,709439.0,342.65,2.0,156.0,342.7,2.0,202.0,342.75,2.0,159.0,342.8,1.0,2.0,342.85,2.0,7.0,680506.0,342.08
10658.35,36247.14,0,8882769.0,12:41:07,342.6,1.0,21.0,342.55,1.0,36.0,342.5,9.0,1881.0,342.45,4.0,820.0,342.4,7.0,1151.0,709089.0,342.65,1.0,2.0,342.7,2.0,202.0,342.75,1.0,155.0,342.8,2.0,6.0,342.85,2.0,7.0,680352.0,342.08
10658.80,36248.69,0,8882771.0,12:41:09,342.65,1.0,3.0,342.6,1.0,21.0,342.55,2.0,41.0,342.5,9.0,1881.0,342.45,4.0,820.0,709092.0,342.7,1.0,200.0,342.75,1.0,155.0,342.8,3.0,8.0,342.85,2.0,7.0,342.9,5.0,657.0,680350.0,342.08
10658.80,36246.77,0,8882771.0,12:41:09,342.65,1.0,3.0,342.6,1.0,21.0,342.55,2.0,41.0,342.5,10.0,1931.0,342.45,5.0,1020.0,709167.0,342.7,1.0,200.0,342.75,1.0,155.0,342.8,3.0,8.0,342.85,2.0,7.0,342.9,5.0,657.0,680850.0,342.08
10658.80,36250.04,0,8882771.0,12:41:09,342.65,1.0,3.0,342.6,1.0,21.0,342.55,2.0,41.0,342.5,11.0,2231.0,342.45,5.0,1020.0,709167.0,342.7,1.0,200.0,342.8,3.0,161.0,342.85,3.0,9.0,342.9,5.0,657.0,342.95,2.0,15.0,680900.0,342.08
10658.85,36245.41,0,8882846.0,12:41:12,342.6,1.0,21.0,342.55,2.0,41.0,342.5,11.0,2231.0,342.45,4.0,820.0,342.4,7.0,1151.0,709164.0,342.7,1.0,200.0,342.8,2.0,157.0,342.85,4.0,13.0,342.9,5.0,657.0,342.95,2.0,15.0,680900.0,342.08
10657.30,36248.34,0,8882846.0,12:41:12,342.6,1.0,21.0,342.55,1.0,5.0,342.5,11.0,2231.0,342.45,4.0,820.0,342.4,6.0,1115.0,708868.0,342.7,2.0,293.0,342.75,2.0,108.0,342.8,2.0,173.0,342.85,4.0,13.0,342.9,5.0,657.0,681015.0,342.08
10657.30,36239.89,0,8887281.0,12:41:14,342.75,1.0,303.0,342.6,1.0,21.0,342.55,1.0,2.0,342.5,13.0,2371.0,342.45,5.0,1020.0,709528.0,342.8,6.0,768.0,342.85,3.0,6.0,342.9,2.0,54.0,342.95,3.0,215.0,343.0,49.0,20784.0,681405.0,342.08
10655.65,36239.91,0,8887867.0,12:41:15,342.6,1.0,21.0,342.55,1.0,5.0,342.5,12.0,2233.0,342.45,5.0,1020.0,342.4,5.0,915.0,709320.0,342.7,2.0,292.0,342.75,4.0,503.0,342.8,2.0,159.0,342.85,2.0,4.0,342.9,1.0,50.0,682953.0,342.08
10654.75,36236.45,0,8887927.0,12:41:16,342.55,1.0,5.0,342.5,12.0,2233.0,342.45,5.0,1020.0,342.4,5.0,915.0,342.35,2.0,475.0,709319.0,342.7,3.0,270.0,342.75,5.0,505.0,342.8,2.0,159.0,342.85,1.0,2.0,342.9,1.0,50.0,682890.0,342.08
10654.75,36232.32,0,8887927.0,12:41:16,342.55,1.0,5.0,342.5,12.0,2233.0,342.45,5.0,1020.0,342.4,5.0,915.0,342.35,3.0,685.0,710093.0,342.7,2.0,232.0,342.75,5.0,505.0,342.8,2.0,159.0,342.85,1.0,2.0,342.9,1.0,50.0,682851.0,342.08
10654.10,36230.11,0,8887927.0,12:41:16,342.55,3.0,107.0,342.5,11.0,2231.0,342.45,6.0,1056.0,342.4,5.0,915.0,342.35,5.0,915.0,710424.0,342.7,1.0,196.0,342.75,3.0,467.0,342.8,3.0,161.0,342.85,2.0,38.0,342.9,1.0,50.0,682796.0,342.08
10654.10,36231.51,0,8887927.0,12:41:16,342.6,1.0,10.0,342.55,3.0,107.0,342.5,10.0,2221.0,342.45,6.0,1056.0,342.4,5.0,915.0,710263.0,342.7,1.0,196.0,342.75,3.0,467.0,342.8,3.0,161.0,342.85,2.0,38.0,342.9,1.0,50.0,682820.0,342.08
10654.60,36230.14,0,8888085.0,12:41:21,342.65,1.0,5.0,342.6,2.0,110.0,342.55,2.0,102.0,342.5,11.0,2256.0,342.45,6.0,1056.0,710998.0,342.7,1.0,38.0,342.75,3.0,467.0,342.8,3.0,161.0,342.85,2.0,38.0,342.9,1.0,50.0,682661.0,342.08
10654.15,36231.42,0,8888085.0,12:41:21,342.65,1.0,5.0,342.6,2.0,110.0,342.55,2.0,102.0,342.5,11.0,2256.0,342.45,6.0,1056.0,710998.0,342.7,1.0,38.0,342.75,3.0,467.0,342.8,3.0,161.0,342.85,2.0,38.0,342.9,1.0,50.0,682661.0,342.08
10654.45,36228.45,0,8888315.0,12:41:24,342.65,1.0,5.0,342.55,1.0,2.0,342.5,12.0,2466.0,342.45,6.0,1056.0,342.4,6.0,1015.0,710717.0,342.75,3.0,387.0,342.8,1.0,155.0,342.85,4.0,44.0,342.9,1.0,50.0,342.95,3.0,20.0,683449.0,342.08
10653.95,36228.45,0,8888315.0,12:41:24,342.65,1.0,5.0,342.55,1.0,2.0,342.5,12.0,2466.0,342.45,6.0,1056.0,342.4,6.0,1015.0,710717.0,342.75,3.0,387.0,342.8,1.0,155.0,342.85,4.0,44.0,342.9,1.0,50.0,342.95,3.0,20.0,683449.0,342.08
10654.40,36227.66,0,8888887.0,12:41:25,342.75,1.0,495.0,342.55,3.0,142.0,342.5,12.0,2466.0,342.45,5.0,1020.0,342.4,4.0,895.0,711356.0,342.8,2.0,63.0,342.85,4.0,45.0,342.9,3.0,209.0,342.95,2.0,15.0,343.0,47.0,20814.0,683353.0,342.08
10654.25,36230.28,0,8888887.0,12:41:25,342.75,1.0,495.0,342.55,1.0,2.0,342.5,14.0,2606.0,342.45,5.0,1020.0,342.4,4.0,895.0,710756.0,342.8,4.0,427.0,342.85,3.0,9.0,342.9,3.0,209.0,342.95,2.0,15.0,343.0,46.0,20595.0,683462.0,342.08
10654.15,36230.54,0,8888937.0,12:41:28,342.75,1.0,495.0,342.55,1.0,2.0,342.5,14.0,2606.0,342.45,5.0,1020.0,342.4,4.0,895.0,710756.0,342.8,3.0,377.0,342.85,3.0,9.0,342.9,4.0,245.0,342.95,2.0,15.0,343.0,46.0,20595.0,683448.0,342.08
10654.55,36233.88,0,8888972.0,12:41:29,342.75,1.0,460.0,342.65,1.0,2.0,342.6,1.0,213.0,342.55,1.0,751.0,342.5,15.0,2642.0,712149.0,342.8,3.0,377.0,342.85,3.0,9.0,342.9,4.0,245.0,342.95,2.0,15.0,343.0,45.0,20565.0,682152.0,342.08
10654.40,36235.27,0,8889013.0,12:41:30,342.75,1.0,419.0,342.65,1.0,2.0,342.6,1.0,213.0,342.55,1.0,751.0,342.5,15.0,2642.0,712108.0,342.8,2.0,364.0,342.85,3.0,9.0,342.9,4.0,245.0,342.95,2.0,15.0,343.0,45.0,20565.0,683212.0,342.08
10654.10,36235.27,0,8889013.0,12:41:30,342.75,2.0,441.0,342.65,1.0,2.0,342.6,1.0,213.0,342.55,1.0,751.0,342.5,14.0,2606.0,710318.0,342.8,2.0,364.0,342.85,3.0,9.0,342.9,4.0,245.0,342.95,2.0,15.0,343.0,45.0,20565.0,683312.0,342.08
10654.10,36235.03,0,8889513.0,12:41:32,342.75,2.0,463.0,342.65,1.0,2.0,342.6,1.0,213.0,342.55,1.0,751.0,342.5,14.0,2606.0,710340.0,342.8,2.0,364.0,342.85,4.0,45.0,342.9,3.0,209.0,342.95,2.0,15.0,343.0,45.0,20565.0,683312.0,342.08
10654.40,36234.72,0,8889513.0,12:41:32,342.75,2.0,463.0,342.65,1.0,2.0,342.6,1.0,213.0,342.55,1.0,751.0,342.5,14.0,2606.0,710340.0,342.8,2.0,364.0,342.85,4.0,45.0,342.9,3.0,209.0,342.95,2.0,15.0,343.0,45.0,20565.0,683212.0,342.08
10654.15,36231.91,0,8889513.0,12:41:32,342.75,2.0,463.0,342.65,1.0,2.0,342.6,1.0,213.0,342.55,1.0,751.0,342.5,14.0,2606.0,710340.0,342.8,2.0,364.0,342.85,4.0,45.0,342.9,3.0,209.0,342.95,2.0,15.0,343.0,45.0,20565.0,683212.0,342.08
10654.70,36232.61,0,8889513.0,12:41:32,342.75,2.0,463.0,342.65,1.0,2.0,342.6,1.0,213.0,342.55,1.0,751.0,342.5,14.0,2606.0,710350.0,342.8,2.0,364.0,342.85,4.0,45.0,342.9,3.0,209.0,342.95,2.0,15.0,343.0,45.0,20565.0,683212.0,342.08
10653.90,36232.59,0,8889624.0,12:41:37,342.75,3.0,452.0,342.6,2.0,215.0,342.55,1.0,751.0,342.5,14.0,2606.0,342.45,5.0,1020.0,710339.0,342.8,3.0,3014.0,342.85,4.0,45.0,342.9,3.0,209.0,342.95,2.0,15.0,343.0,45.0,20565.0,685862.0,342.08
